3232 5166
334 488 375 551 72
679 485 868 562 Bsnunrcrr
890 464 1030 542 lunaris
1281 472 1343 556 [lib.
1361 473 1388 536 Ι.

333 678 443 741 passus
470 654 607 718 habebat
631 653 819 718 facultatem.
862 651 1009 716 Excitata
1037 647 1260 716 miraculorum
1302 646 1386 710 fama

335 763 452 828 Christi
477 763 555 826 adiit
579 763 754 838 eeclesiam,
780 761 926 845 martyris
957 756 1378 844 [auxilium]supplicatura:

333 896 408 938 mox
437 874 623 938 conturbata
638 874 765 948 corruit,
781 874 836 936 ubi
848 887 955 936 mutus
981 869 1180 953 supradictus
1205 866 1383 932 ceciderat:

332 985 365 1047 in
378 984 520 1048 cruciatu
529 997 568 1048 et
582 983 777 1047 volutatione
789 983 942 1047 continua
954 981 1040 1044 diem
1055 978 1198 1043 duxitad
1213 999 1386 1062 vesperam.

335 1093 419 1157 Luci
430 1093 551 1158 diurnae
565 1093 704 1157 tenebris
720 1092 963 1156 succedentibus
974 1091 1148 1166 nocturnis,
1157 1088 1238 1151 lassa
1247 1086 1386 1170 quidem,

337 1200 394 1265 sed
420 1215 530 1264 sanata
555 1201 705 1264 recessit:
731 1211 950 1264 verumtamen
974 1211 1009 1262 ut
1032 1197 1193 1282 fatigatam
1216 1217 1250 1258 se
1274 1195 1386 1259 baculo

337 1322 536 1396 supportaret
551 1311 789 1394 praecepimus,‡
806 1308 863 1372 sed
878 1307 1078 1390 contempsit,
1095 1307 1225 1370 alteram
1240 1304 1327 1368 enim
1342 1326 1375 1368 se

338 1419 480 1484 sentiens
506 1419 593 1482 exire
619 1440 714 1501 quam
740 1430 883 1495 venerat,
907 1417 1036 1482 nolebat
1058 1437 1215 1480 resumere
1246 1413 1332 1498 quod
1356 1416 1387 1478 ei

337 1527 660 1593 sanctusabstulerat.
1028 1525 1030 1530 ’

819 1661 932 1727 ΧΧΧ.

378 1772 497 1836 Adhuc
513 1765 592 1838 ostia
607 1786 789 1860 cryptarum
800 1774 877 1837 seris
892 1786 987 1856 atque
1011 1772 1169 1857 repagulis
1183 1771 1287 1836 clausa
1296 1783 1384 1836 tene·

335 1883 460 1961 bantur,
477 1905 537 1948 nec
549 1883 590 1946 ad
606 1884 747 1947 tumbam
763 1883 910 1968 martyris
923 1884 1037 1968 passim
1052 1883 1278 1946 admittebatur
1286 1904 1387 1968 popu-

335 1993 408 2071 lus;
440 1994 466 2056 si
486 1993 555 2075 quis
581 1992 850 2068 introducebatur,
877 1992 974 2056 fiebat
1000 1992 1141 2056 occulte:
1165 1992 1251 2056 unde
1271 2004 1303 2056 et
1317 2013 1389 2077 pars

336 2103 446 2188 populi
471 2125 536 2165 non
563 2104 697 2165 minima
721 2103 846 2166 turbata
871 2115 937 2167 est:
954 2103 1061 2188 plures
1077 2125 1095 2166 e
1110 2114 1268 2167 conventu
1279 2113 1387 2166 nostro

333 2235 352 2276 a
379 2212 487 2275 multis
514 2218 664 2275 conventi
689 2224 763 2276 suut
785 2213 908 2298 peccati
933 2234 992 2276 nos
1015 2213 1219 2298 arguentibus
1234 2211 1322 2298 quod
1346 2212 1387 2276 ad

330 2334 453 2406 patrem
477 2343 572 2385 sunm
597 2322 735 2407 populus
755 2342 820 2385 non
846 2321 977 2386 haberet
1005 2344 1183 2395 accessum:
1207 2323 1387 2407 opinionem

330 2445 470 2494 nostram
485 2430 587 2494 minui
602 2431 741 2508 aiebant,
752 2431 807 2514 qui
825 2433 980 2496 talentum
990 2431 1083 2496 nobis
1094 2431 1250 2496 creditum
1265 2431 1388 2496 videre-

332 2560 405 2602 mur
419 2538 627 2618 abscondere,
643 2539 812 2604 reseranda
823 2561 891 2605 esse
902 2553 1085 2626 cryptarum
1100 2542 1189 2618 ostia,
1205 2563 1246 2604 ne
1258 2542 1389 2627 martyri

329 2648 473 2734 gloriam,
506 2650 641 2714 infirmis
670 2651 837 2715 sanitatem
859 2650 1001 2715 invidere
1024 2652 1209 2716 diceremur.
1242 2650 1402 2716 Quorum-

333 2758 430 2822 fidem
447 2771 484 2822 ut
494 2759 641 2835 vidimus,
654 2759 729 2824 licet
743 2759 1037 2824 Ecclesiaadivinis
1048 2768 1247 2846 temperaret,
1264 2759 1388 2844 adjudi-

330 2867 470 2930 cavimus
484 2867 554 2930 fieri
575 2869 763 2953 petitionem
779 2890 900 2933 eorum.
965 2869 1089 2945 Quarto
1104 2868 1216 2933 Nonas
1233 2868 1386 2953 Aprilis*

328 2977 406 3040 feria
423 2989 515 3041 sexta
544 2976 708 3042 Paschalis
734 2979 954 3058 hebdomadae‚
969 2991 1079 3065 aperta
1102 2990 1177 3042 sunt
1202 2989 1384 3064 cryptarum

328 3088 417 3164 ostia,
445 3099 478 3152 et
493 3087 534 3151 ad
549 3089 650 3153 sancti
663 3091 893 3176 sarcophagum
909 3103 1096 3176 aegrotantes
1121 3089 1259 3154 admissi.
1306 3090 1384 3154 Erat

327 3219 404 3282 ergo
434 3197 577 3280 quotidie
595 3198 768 3284 gloriosum
792 3202 935 3265 contueri
947 3201 1182 3284 spectaculum:
1206 3200 1331 3264 videres
1342 3201 1387 3264 ibi

328 3305 495 3370 manifeste
510 3306 633 3371 fontem
648 3308 753 3372 David
763 3320 928 3393 patentem
939 3308 975 3371 in
988 3309 1186 3374 ablutionem
1201 3309 1384 3394 peccatoris,

328 3428 361 3479 et
372 3428 566 3481 menstruate
578 3419 698 3482 moveri
707 3417 861 3501 piscinam
872 3417 912 3479 ab
923 3416 1048 3502 angelo,
1063 3439 1124 3480 nec
1139 3439 1240 3481 unum
1257 3428 1382 3481 tantum

327 3525 433 3589 sanari
448 3525 504 3589 sed
514 3526 675 3612 plurimos.
708 3523 843 3588 Videres
854 3545 911 3588 axe
928 3524 1063 3589 conferri
1073 3525 1216 3610 quotidie
1227 3526 1381 3612 irriguum

329 3646 394 3698 tam
415 3637 562 3720 superius
577 3655 672 3718 quam
686 3634 827 3713 inferius,
843 3633 892 3697 his
907 3633 1109 3698 infirmitates
1124 3657 1305 3720 corporum,
1321 3637 1383 3702 illis

327 3745 504 3809 animarum
529 3766 657 3808 suarum
681 3743 813 3808 vulnera
824 3744 1035 3816 deflentibus:
1057 3745 1182 3810 videres
1197 3746 1301 3812 oleum
1318 3770 1382 3813 non

329 3853 482 3918 deficiens
511 3853 546 3916 in
571 3854 712 3939 lechyto,
739 3853 984 3918 misericordiam
1010 3856 1170 3942 copiosam
1197 3857 1231 3921 in
1255 3871 1384 3923 sancto:

334 3977 589 3990 manna—nq-

368 4031 382 4088 1
403 4028 451 4080 See
464 4028 508 4079 the
522 4027 640 4087 Preiaee.

369 4121 384 4151 “
404 4119 460 4172 The
474 4122 522 4174 ath
535 4119 586 4191 day
600 4122 689 4174 before
702 4122 746 4175 the
760 4123 854 4175 Nones
866 4124 896 4174 of
904 4125 980 4193 April
993 4125 1015 4176 is
1030 4126 1106 4195 April
1121 4131 1145 4178 2.
