3232 5166
339 507 383 572 36
705 511 896 578 Bannorcrr
917 529 1057 580 renarra
1280 513 1346 598 [lab.
1364 511 1393 576 Ι.

337 678 439 745 salute
479 679 678 748 subditorum
716 704 847 748 suorum
883 682 989 749 induti
1027 682 1174 771 exemplo
1214 667 1395 748 sacerdotes

339 791 472 858 Domini
487 794 655 879 justitiam,
681 795 836 861 habentes
853 795 1060 861 nihilominus
1079 818 1119 861 ex
1137 794 1293 860 diuturna
1317 815 1394 859 oon·

340 901 511 967 sacerdotis
535 904 585 969 aui
607 904 810 971 tribulatione
833 906 1015 990 exemplum
1037 905 1210 990 patientia,
1225 927 1267 970 ex
1289 917 1392 970 morta

339 1014 560 1092 constantiam,
573 1036 613 1080 ex
634 1017 858 1082 miraculorum
877 1017 975 1104 signis
994 1037 1083 1104 spem
1105 1015 1252 1103 gloriosae
1273 1038 1395 1082 merce-

339 1126 399 1192 dis.
445 1127 612 1212 Aspiciant
627 1144 661 1194 et
677 1130 869 1195 schismatici
891 1130 930 1196 ad
951 1129 1116 1195 lucernam
1135 1142 1277 1195 coenam
1296 1151 1393 1214 quam

339 1260 435 1326 super
449 1239 676 1304 candelabrum
690 1242 797 1328 posuit
811 1240 983 1319 Dominus,
998 1255 1033 1306 et
1046 1241 1212 1319 videantll
1231 1255 1339 1306 utrum
1359 1243 1394 1305 in

338 1348 490 1414 Ecclesiae
499 1350 572 1414 sinu
582 1349 646 1414 sint
655 1350 928 1428 constituti,anah
938 1351 1157 1417 ecclesiasticae
1166 1351 1296 1415 unitatis
1305 1373 1395 1414 com·

339 1459 494 1524 munione
510 1460 639 1546 precisi.
685 1461 866 1525 Lucernam
879 1461 964 1525 banc
980 1460 1109 1526 Gideon
1126 1474 1233 1526 noster
1247 1461 1395 1526 Christus

339 1569 453 1654 lagena
479 1570 633 1636 inclusam
655 1570 690 1634 in
712 1593 812 1636 manu
834 1571 939 1656 quoad
954 1570 1047 1636 libuit
1069 1573 1214 1658 portavit,
1237 1571 1294 1636 sed
1316 1595 1395 1636 con·

338 1680 439 1746 fracta
459 1701 573 1746 carnea
595 1683 742 1769 martyris
764 1695 855 1759 testa,
873 1685 891 1768 b
921 1682 978 1746 lux
1007 1704 1074 1747 non
1103 1680 1206 1746 solum
1228 1683 1393 1770 religionis

341 1792 411 1878 ejus
426 1804 459 1855 et
473 1791 657 1868 sanctitatis,
672 1791 729 1856 aed
750 1806 784 1857 et
797 1792 1023 1858 miraculorum
1040 1795 1196 1880 apparuit,
1211 1806 1245 1858 et
1264 1794 1395 1880 populo,

339 1903 396 1990 qui
419 1901 600 1967 ambulabat
621 1901 656 1966 in
678 1902 826 1978 tenebris,
849 1902 934 1967 viam
956 1903 1097 1968 veritatis
1118 1903 1268 1970 ostendit·
1312 1905 1392 1970 Haec

340 2025 388 2077 est
414 2013 511 2077 etiam
535 2011 603 2089 lux,
627 2033 683 2098 per
709 2034 804 2096 quam
836 2011 1052 2078 Occidentalis
1077 2013 1219 2079 Ecclesia
1241 2014 1276 2078 in
1301 2015 1394 2079 initio

339 2121 517 2188 schismatis
543 2125 564 2196 †
600 2120 779 2186 illuminata
819 2122 927 2188 divisit
966 2121 1074 2188 lucem
1108 2145 1128 2188 a
1161 2124 1311 2204 tenebris,
1348 2137 1392 2202 et,

342 2231 518 2299 Octaviano
539 2231 676 2318 repulso,
695 2230 898 2298 Catholicnm
913 2233 1034 2318 Papam
1049 2231 1269 2299 Alexandrum
1283 2234 1344 2299 sibi
1357 2235 1393 2298 in

339 2356 497 2432 pastorem
511 2341 618 2428 elegit,
629 2342 684 2428 qui
696 2342 722 2406 si
733 2356 816 2408 esset
826 2343 1051 2423 schismaticus,
1061 2366 1263 2429 nequaquam
1276 2360 1395 2433 martyr

339 2467 447 2519 noster
461 2475 481 2518 a
496 2465 584 2518 tanta
598 2452 669 2518 labe
684 2454 858 2519 transiisset
871 2454 1035 2532 immunis,
1046 2476 1106 2519 nec
1120 2456 1222 2540 picem
1240 2456 1395 2543 tetigisset

342 2565 419 2650 quin
442 2565 481 2630 ab
504 2585 541 2630 ea
562 2564 794 2648 inquinaretur.
855 2563 954 2640 Quod
982 2577 1091 2630 autem
1119 2567 1307 2650 inquinatus
1328 2589 1394 2632 non

338 2676 444 2752 luerit,
481 2673 706 2740 miraculorum
742 2675 921 2759 frequentia
956 2673 1100 2762 quotidie
1138 2677 1393 2763 comprobatur;

338 2808 435 2850 nemo
459 2787 545 2850 enim
568 2797 684 2872 potens
707 2785 774 2852 haec
794 2786 885 2871 signa
916 2785 1019 2850 facere
1042 2807 1114 2870 quae
1134 2788 1186 2852 bic
1211 2789 1297 2865 facit,
1330 2789 1393 2853 nisi

337 2897 432 2962 fuerit
460 2898 550 2961 Dens
571 2918 646 2960 cum
667 2918 716 2961 eo.
764 2896 799 2960 Si
821 2912 929 2960 autem
958 2909 1006 2960 eat
1027 2918 1141 2961 manus
1163 2899 1297 2963 Domini
1318 2921 1393 2963 cnm

337 3007 404 3086 illo,
419 3030 520 3093 quum
532 3005 677 3094 specialia
692 3007 834 3072 extiterit
850 3005 1025 3070 Alexandri
1039 3007 1138 3093 Papae
1159 3008 1256 3088 lilius,
1279 3023 1313 3075 et
1334 3011 1389 3074 ba·

338 3118 433 3186 culus
446 3118 618 3183 senectutis
633 3118 704 3203 ejus
718 3117 753 3181 in
767 3117 911 3202 partibus
928 3115 1126 3194 Occidentis,
1139 3119 1394 3206 errantprofecto

338 3230 394 3315 qui
408 3250 514 3316 genua
527 3249 585 3293 sua
599 3241 733 3292 curvant
747 3241 821 3292 ante
837 3226 971 3305 idolum,
983 3241 1167 3314 contempto
1182 3227 1326 3296 Domino
1338 3232 1394 3317 qui

336 3353 370 3406 et
393 3339 453 3406 Bel
474 3360 585 3404 eorum
606 3337 766 3404 destruxit
782 3352 816 3404 et
836 3338 1019 3404 Draconem
1041 3339 1210 3407 interfecit.
1272 3340 1391 3407 Redite

337 3472 423 3539 ergo,
438 3449 702 3536 praevaricatores,
718 3448 760 3514 ad
774 3471 839 3528 cor,
856 3462 888 3516 et
903 3450 1021 3515 nonsit
1032 3450 1067 3514 in
1079 3451 1168 3517 vobis
1180 3450 1392 3518 Deuarecans

371 3731 384 3790 t
401 3726 445 3778 An
457 3723 614 3794 interesting
626 3722 787 3794 description
802 3721 833 3775 ol*
847 3722 892 3777 the
910 3739 1075 3794 appearance
1088 3721 1175 3775 which
1188 3721 1311 3774 Rechet’s
1322 3721 1393 3774 head

337 3820 391 3873 and
404 3820 462 3872 face
470 3818 620 3890 'presented
633 3817 699 3872 aller
714 3817 756 3872 his
764 3817 845 3870 limbs
860 3815 914 3870 had
922 3817 990 3869 been
1002 3816 1132 3886 getbered
1141 3833 1178 3886 up
1188 3816 1256 3868 from
1268 3815 1313 3868 the
1325 3815 1392 3867 floor

336 3914 424 3967 where
437 3914 471 3966 he
484 3912 538 3977 tell,
549 3913 572 3965 ia
584 3912 670 3965 found
681 3911 709 3964 in
725 3912 770 3965 tha
789 3919 993 3982 contemporary
1010 3910 1184 3981 Biographies
1197 3910 1230 3962 ol'
1237 3910 1282 3962 the
1295 3908 1388 3961 Salat:

336 4025 380 4061 sce
393 4007 457 4059 Vita
469 4007 559 4060 Sancti
571 4005 690 4072 Thomae‚
705 4010 721 4058 2
733 4005 791 4059 vols
804 4010 855 4060 8vo
866 4004 952 4058 Lond.
963 4013 989 4058 et
1001 4005 1088 4070 Oxou,
1104 4007 1182 4057 1842.

373 4107 388 4166 †
405 4100 463 4153 The
474 4101 571 4153 achiam
583 4102 702 4155 between
716 4101 760 4153 the
773 4101 841 4154 rival
853 4117 943 4172 popes.

372 4196 392 4256 il
412 4213 445 4249 ar
459 4213 577 4248 vrnannr
591 4213 641 4248 om.
666 4194 696 4246 B.
