3232 5166
335 601 378 662 30
683 598 871 665 Bansmerr
915 619 1057 664 auaams

336 794 416 852 sum,
432 775 465 838 in
482 774 641 862 paludem,
658 776 707 842 vel
734 777 766 841 in
783 778 957 862 quemlibet
972 777 1078 842 locum
1106 776 1264 853 viliorem,
1288 799 1384 860 quem

334 907 395 950 nec
411 887 572 951 nominare
585 887 687 964 decet,
705 889 738 952 in
751 890 900 974 majorem
917 889 980 952 Dei
995 902 1027 952 et
1042 887 1184 951 ecclesiae
1199 887 1385 972 despectum

334 997 533 1083 projicerent,
550 996 692 1061 dicentes
701 1020 815 1083 corpus
826 997 994 1083 proditoris
1010 1019 1074 1060 non
1087 1019 1154 1061 esse
1168 997 1252 1062 inter
1261 1010 1387 1062 sanctos

334 1106 501 1191 pontifices
527 1106 754 1190 sepeliendum.
801 1107 954 1171 Monachi
985 1107 1082 1192 igitur
1109 1120 1184 1170 tarn,
1201 1107 1261 1170 sibi
1288 1129 1386 1192 quam

333 1228 442 1280 saneto
457 1215 615 1292 timentes,
631 1239 672 1280 ne
688 1218 738 1281 vel
753 1215 924 1300 ipseJVilius
936 1228 1133 1291 tractaretur,
1149 1215 1199 1280 vel
1214 1216 1274 1301 ipsi
1289 1216 1388 1301 preti·

334 1347 426 1390 osum
444 1326 627 1390 thesaurum
654 1328 847 1403 amitterent,
862 1349 936 1391 eum
952 1348 1026 1390 cum
1041 1347 1166 1390 summa
1180 1326 1386 1390 festinatione

333 1436 464 1520 sepelire
480 1440 678 1502 studuerunt
728 1437 825 1500 Unde
842 1460 901 1500 nec
915 1438 960 1500 eis
975 1437 1218 1500 sacratissimum
1234 1439 1303 1520 ejus
1318 1458 1387 1500 cor-

334 1568 395 1634 pus
411 1545 523 1622 lavare,
538 1569 598 1610 nec
614 1546 763 1624 balsamo,
778 1548 859 1611 sicut
871 1548 966 1611 moris
989 1546 1085 1610 habet
1097 1559 1206 1610 sancta
1220 1548 1388 1612 Cantuari·

333 1656 419 1721 ensis
442 1656 583 1734 ecelesia,
612 1657 703 1722 licuit
727 1657 878 1722 refovere.
925 1655 1021 1722 Quod
1050 1679 1116 1721 nou
1147 1670 1213 1720 tam
1242 1656 1385 1721 humana

334 1768 484 1852 nequitia,
498 1791 591 1850 quam
615 1767 722 1832 divina
736 1769 854 1854 pietate
870 1767 1011 1832 creditur·
1025 1767 1174 1832 evenisse.
1221 1767 1282 1830 Cui
1297 1767 1387 1832 enim

334 1879 453 1964 proprii
482 1878 645 1962 sanguinis
666 1880 849 1942 unctionem
874 1891 1095 1963 procuraverat
1121 1877 1292 1954 Dominus,
1317 1899 1388 1960 quae

334 2002 402 2053 erat
412 1990 580 2053 necessitas
590 1988 695 2052 odoris
707 1990 825 2053 vilioris
840 1989 997 2074 ungenti?
1012 1989 1174 2052 Enuentes
1186 2001 1293 2054 autem
1310 2011 1385 2052 eum

334 2100 473 2164 vestibus
496 2100 712 2176 exterioribus,
743 2113 775 2163 ct
801 2097 1037 2185 pontificalibus
1063 2098 1243 2176 induentes,
1271 2121 1387 2185 corpus

335 2212 403 2295 ejus
430 2208 543 2288 cilicio,
568 2233 633 2273 non
656 2211 761 2273 minus
781 2209 909 2274 aliunde
926 2232 1018 2292 quam
1033 2209 1081 2272 sui
1099 2208 1216 2273 duritia
1240 2209 1384 2284 moleste,

335 2318 525 2395 involutum,
541 2334 573 2384 et
590 2319 674 2403 quod
691 2343 709 2383 a
724 2321 812 2384 nullo
827 2335 1006 2384 sanctorum
1023 2320 1292 2405 exemplificatum
1307 2320 1385 2406 legi-

335 2449 408 2494 mus
434 2428 483 2493 vel
506 2429 693 2505 audivimus,
710 2428 776 2511 ipsa
791 2431 859 2512 ejus
874 2429 1036 2492 femoralia
1051 2429 1201 2492 interiora
1217 2452 1317 2514 usque
1345 2429 1385 2493 ad

334 2539 469 2626 poplites
484 2539 617 2614 cilicina,
644 2538 848 2620 habitumque
865 2560 959 2623 super
984 2537 1132 2601 indutum
1153 2539 1384 2614 monachalem,

335 2652 521 2716 stamineam
538 2649 685 2714 videlicet
698 2664 730 2714 et
744 2648 900 2712 cucullam
917 2663 1114 2733 repererunt.
1161 2649 1382 2736 Respicientes

334 2783 409 2826 vero
424 2760 462 2825 ad
480 2761 627 2838 invicem,
641 2774 673 2824 ct
689 2763 719 2822 in
737 2773 864 2842 aspectu
879 2760 923 2822 sic
939 2759 1103 2823 occultatae
1119 2759 1279 2846 religionis
1291 2782 1385 2846 supra

335 2893 433 2958 quam
462 2870 547 2935 credi
579 2883 683 2955 potest
706 2868 926 2954 obstupefacti,
950 2868 1160 2956 multiplicata
1193 2871 1236 2955 pii
1262 2870 1382 2934 doloris

335 2981 467 3046 materia
482 2979 672 3064 multiplices
690 2992 883 3043 renovantur
898 2979 930 3041 in
944 2979 1116 3043 lachrimas
1166 2981 1253 3046 Quid
1268 2995 1384 3066 putan-

335 3091 414 3155 dum
429 3105 478 3155 est
493 3091 525 3154 in
542 3090 669 3154 homine
686 3092 745 3154 isto
760 3090 855 3153 fuisse
872 3089 1063 3176 cupiditatis,
1081 3090 1156 3173 quid
1172 3090 1385 3176 proditionis?
1473 3079 1474 3082 ¹

335 3199 494 3283 Nunquid
524 3199 564 3263 ad
594 3221 728 3286 regnum
759 3187 906 3285 aspiravit
933 3215 1103 3275 terrenum,
1130 3223 1224 3282 quem
1263 3213 1386 3263 constat

335 3311 442 3378 saeeuli
469 3311 589 3376 deliciis
609 3325 676 3376 tam
700 3310 823 3374 occulte
848 3311 1017 3395 praetulisse
1033 3309 1201 3373 cilicium?
1226 3310 1260 3372 N
1263 3310 1385 3397 unquid

335 3425 430 3510 regiae
456 3423 628 3508 majestatis
643 3422 783 3508 proditor
808 3423 878 3498 fuit,
895 3434 1007 3484 ernon
1025 3423 1130 3506 potius
1152 3421 1305 3506 proditae,
1331 3423 1386 3505 qui

336 3533 431 3598 etiam
448 3531 660 3618 proditoribus
675 3531 749 3609 suis,
765 3530 954 3616 proditionis
969 3529 1051 3606 filiis,
1063 3529 1260 3596 neceredere
1275 3530 1385 3607 voluit,

334 3665 435 3732 quum
452 3654 565 3727 posset,
577 3663 637 3705 nec
648 3643 790 3706 resistere
802 3641 816 3702 ?
833 3641 961 3705 Poterat
973 3641 1057 3703 enirn
1067 3639 1210 3705 fraudem
1221 3654 1254 3704 et
1265 3641 1386 3706 rabiem

335 3753 493 3830 hostilem,
509 3752 535 3816 si
550 3751 655 3829 vellet,
670 3751 724 3815 vel
740 3750 913 3835 prudenter
926 3750 1111 3827 declinasse,
1124 3751 1175 3814 vel
1190 3752 1221 3814 vi
1235 3751 1385 3836 repulisse

337 3865 457 3950 majori,
471 3876 507 3928 ut
523 3876 645 3949 potent,
660 3874 697 3926 ut
709 3861 866 3948 praescius,
882 3874 918 3925 ut
932 3861 1150 3944 praemunitus.
1200 3861 1247 3926 Ut
1262 3875 1385 3948 potens,

336 3977 410 4062 quia
420 3976 535 4053 hostes,
549 3974 691 4058 quamvis
701 3973 861 4060 decuplati
876 3972 1047 4049 venissent,
1057 3985 1173 4059 posset,
1185 3973 1211 4036 si
1226 3974 1384 4050 voluisset,

335 4085 486 4171 repulisse
527 4085 765 4171 centuplicatus.
822 4083 868 4149 Ut
904 4083 1059 4168 praescius,
1092 4085 1166 4167 quia
1195 4107 1296 4169 quum
1335 4084 1385 4148 die

336 4196 509 4262 nativitatis
526 4195 705 4261 Dominieae
721 4195 808 4260 verbi
824 4193 888 4258 Dei
904 4215 1018 4277 panem
1034 4193 1153 4279 populo
1168 4195 1384 4271 ministrasset,
