<?xml version="1.0" encoding="UTF-8"?>
<!DOCTYPE html PUBLIC "-//W3C//DTD XHTML 1.0 Transitional//EN"
    "http://www.w3.org/TR/xhtml1/DTD/xhtml1-transitional.dtd">
<html xmlns="http://www.w3.org/1999/xhtml" xml:lang="en" lang="en">
 <head>
  <title>
</title>
<meta http-equiv="Content-Type" content="text/html;charset=utf-8" />
  <meta name='ocr-system' content='tesseract 3.04.00' />
  <meta name='ocr-capabilities' content='ocr_page ocr_carea ocr_par ocr_line ocrx_word'/>
</head>
<body>
  <div class='ocr_page' id='page_1' title='image "benedictiabbati00loewgoog_0051.png"; bbox 0 0 3232 5166; ppageno 0'>
   <div class='ocr_carea' id='block_1_1' title="bbox 227 511 1281 600">
    <p class='ocr_par' dir='ltr' id='par_1_1' title="bbox 227 511 1281 600">
     <span class='ocr_line' id='line_1_1' title="bbox 227 511 1281 600; baseline -0.006 -18"><span class='ocrx_word' id='word_1_1' title='bbox 227 539 294 600; x_wconf 85' lang='lat' dir='ltr'>rap.</span> <span class='ocrx_word' id='word_1_2' title='bbox 311 513 358 598; x_wconf 85' lang='lat'>5.]</span> <span class='ocrx_word' id='word_1_3' title='bbox 567 531 611 578; x_wconf 79' lang='lat' dir='ltr'>us</span> <span class='ocrx_word' id='word_1_4' title='bbox 627 532 738 578; x_wconf 77' lang='lat' dir='ltr'>urnac.</span> <span class='ocrx_word' id='word_1_5' title='bbox 757 516 790 580; x_wconf 90' lang='lat' dir='ltr'>S.</span> <span class='ocrx_word' id='word_1_6' title='bbox 805 511 952 580; x_wconf 71' lang='lat' dir='ltr'>Troum.</span> <span class='ocrx_word' id='word_1_7' title='bbox 1238 514 1281 576; x_wconf 79' lang='lat'>45</span> 
     </span>
    </p>
   </div>
   <div class='ocr_carea' id='block_1_2' title="bbox 222 683 1286 3866">
    <p class='ocr_par' dir='ltr' id='par_1_2' title="bbox 222 683 1286 3866">
     <span class='ocr_line' id='line_1_2' title="bbox 227 683 1281 771; baseline -0.003 -20"><span class='ocrx_word' id='word_1_8' title='bbox 227 699 347 752; x_wconf 87' lang='lat' dir='ltr'>temere</span> <span class='ocrx_word' id='word_1_9' title='bbox 368 683 488 770; x_wconf 90' lang='lat' dir='ltr'>aliquid</span> <span class='ocrx_word' id='word_1_10' title='bbox 503 683 543 748; x_wconf 90' lang='lat' dir='ltr'>de</span> <span class='ocrx_word' id='word_1_11' title='bbox 560 684 653 749; x_wconf 90' lang='lat' dir='ltr'>rebus</span> <span class='ocrx_word' id='word_1_12' title='bbox 670 696 731 748; x_wconf 85' lang='lat' dir='ltr'>tarn</span> <span class='ocrx_word' id='word_1_13' title='bbox 749 684 918 771; x_wconf 85' lang='lat' dir='ltr'>incognitis</span> <span class='ocrx_word' id='word_1_14' title='bbox 933 703 1081 761; x_wconf 82' lang='lat' dir='ltr'>asserere,</span> <span class='ocrx_word' id='word_1_15' title='bbox 1098 703 1281 768; x_wconf 81' lang='lat' dir='ltr'><strong>quanquam</strong></span> 
     </span>
     <span class='ocr_line' id='line_1_3' title="bbox 227 791 1281 878; baseline -0.001 -19"><span class='ocrx_word' id='word_1_16' title='bbox 227 808 348 860; x_wconf 86' lang='lat' dir='ltr'>etanta</span> <span class='ocrx_word' id='word_1_17' title='bbox 363 817 464 860; x_wconf 89' lang='lat' dir='ltr'>annos</span> <span class='ocrx_word' id='word_1_18' title='bbox 479 793 648 858; x_wconf 85' lang='lat' dir='ltr'>duodecim</span> <span class='ocrx_word' id='word_1_19' title='bbox 670 793 821 878; x_wconf 83' lang='lat' dir='ltr'>quiddam</span> <span class='ocrx_word' id='word_1_20' title='bbox 840 795 873 858; x_wconf 93' lang='lat' dir='ltr'>in</span> <span class='ocrx_word' id='word_1_21' title='bbox 889 793 1040 858; x_wconf 81' lang='lat' dir='ltr'>extremis</span> <span class='ocrx_word' id='word_1_22' title='bbox 1063 791 1189 878; x_wconf 84' lang='lat' dir='ltr'>Angliae</span> <span class='ocrx_word' id='word_1_23' title='bbox 1209 792 1281 858; x_wconf 88' lang='lat' dir='ltr'>fini·</span> 
     </span>
     <span class='ocr_line' id='line_1_4' title="bbox 226 903 1281 991; baseline -0.002 -21"><span class='ocrx_word' id='word_1_24' title='bbox 226 905 285 970; x_wconf 90' lang='lat' dir='ltr'>bus</span> <span class='ocrx_word' id='word_1_25' title='bbox 302 905 482 991; x_wconf 86' lang='lat' dir='ltr'>contigerit,</span> <span class='ocrx_word' id='word_1_26' title='bbox 506 903 594 990; x_wconf 90' lang='lat' dir='ltr'>qnod</span> <span class='ocrx_word' id='word_1_27' title='bbox 616 905 763 989; x_wconf 72' lang='lat' dir='ltr'>praesenti</span> <span class='ocrx_word' id='word_1_28' title='bbox 785 904 897 968; x_wconf 90' lang='lat' dir='ltr'>visioni</span> <span class='ocrx_word' id='word_1_29' title='bbox 916 903 1043 990; x_wconf 91' lang='lat' dir='ltr'>pondus</span> <span class='ocrx_word' id='word_1_30' title='bbox 1065 903 1224 968; x_wconf 85' lang='lat' dir='ltr'>firmitatis</span> <span class='ocrx_word' id='word_1_31' title='bbox 1247 914 1281 968; x_wconf 90' lang='lat' dir='ltr'>et</span> 
     </span>
     <span class='ocr_line' id='line_1_5' title="bbox 224 1014 1277 1102; baseline -0.001 -23"><span class='ocrx_word' id='word_1_32' title='bbox 224 1017 362 1080; x_wconf 84' lang='lat' dir='ltr'>veritatis</span> <span class='ocrx_word' id='word_1_33' title='bbox 377 1015 503 1080; x_wconf 89' lang='lat' dir='ltr'>videtur</span> <span class='ocrx_word' id='word_1_34' title='bbox 517 1014 657 1100; x_wconf 86' lang='lat' dir='ltr'>praebere</span> <span class='ocrx_word' id='word_1_35' title='bbox 672 1015 850 1102; x_wconf 88' lang='lat' dir='ltr'>ingenuum</span> <span class='ocrx_word' id='word_1_36' title='bbox 866 1015 1093 1079; x_wconf 88' lang='lat' dir='ltr'>testimonium.</span> <span class='ocrx_word' id='word_1_37' title='bbox 1139 1014 1163 1077; x_wconf 86' lang='lat' dir='ltr'><strong>J</strong></span> <span class='ocrx_word' id='word_1_38' title='bbox 1166 1015 1277 1078; x_wconf 87' lang='lat' dir='ltr'>uvanis</span> 
     </span>
     <span class='ocr_line' id='line_1_6' title="bbox 229 1124 1284 1212; baseline 0.001 -24"><span class='ocrx_word' id='word_1_39' title='bbox 229 1125 367 1210; x_wconf 88' lang='lat' dir='ltr'>qnidam,</span> <span class='ocrx_word' id='word_1_40' title='bbox 385 1124 485 1190; x_wconf 91' lang='lat' dir='ltr'>Onias</span> <span class='ocrx_word' id='word_1_41' title='bbox 504 1129 516 1208; x_wconf 83' lang='grc' dir='ltr'>ΙΙ</span> <span class='ocrx_word' id='word_1_42' title='bbox 537 1126 676 1201; x_wconf 83' lang='lat' dir='ltr'>nornine,</span> <span class='ocrx_word' id='word_1_43' title='bbox 693 1124 828 1188; x_wconf 87' lang='lat' dir='ltr'>eductus</span> <span class='ocrx_word' id='word_1_44' title='bbox 850 1125 890 1189; x_wconf 91' lang='lat' dir='ltr'>de</span> <span class='ocrx_word' id='word_1_45' title='bbox 906 1147 1047 1211; x_wconf 90' lang='lat' dir='ltr'>corpore,</span> <span class='ocrx_word' id='word_1_46' title='bbox 1070 1138 1141 1212; x_wconf 88' lang='lat' dir='ltr'>post</span> <span class='ocrx_word' id='word_1_47' title='bbox 1163 1124 1284 1210; x_wconf 80' lang='lat' dir='ltr'>aliquot</span> 
     </span>
     <span class='ocr_line' id='line_1_7' title="bbox 227 1235 1284 1323; baseline 0 -23"><span class='ocrx_word' id='word_1_48' title='bbox 227 1237 296 1300; x_wconf 87' lang='lat' dir='ltr'>dies</span> <span class='ocrx_word' id='word_1_49' title='bbox 312 1237 436 1323; x_wconf 83' lang='lat' dir='ltr'>corpori</span> <span class='ocrx_word' id='word_1_50' title='bbox 452 1237 615 1300; x_wconf 87' lang='lat' dir='ltr'>restitutus</span> <span class='ocrx_word' id='word_1_51' title='bbox 630 1248 696 1300; x_wconf 86' lang='lat' dir='ltr'>est:</span> <span class='ocrx_word' id='word_1_52' title='bbox 721 1236 877 1300; x_wconf 86' lang='lat' dir='ltr'>enarravit</span> <span class='ocrx_word' id='word_1_53' title='bbox 890 1258 965 1320; x_wconf 84' lang='lat' dir='ltr'>ergo</span> <span class='ocrx_word' id='word_1_54' title='bbox 975 1257 1046 1320; x_wconf 89' lang='lat' dir='ltr'>qnae</span> <span class='ocrx_word' id='word_1_55' title='bbox 1058 1236 1112 1300; x_wconf 92' lang='lat' dir='ltr'>illo</span> <span class='ocrx_word' id='word_1_56' title='bbox 1127 1237 1160 1300; x_wconf 91' lang='lat' dir='ltr'>in</span> <span class='ocrx_word' id='word_1_57' title='bbox 1176 1235 1284 1302; x_wconf 90' lang='lat' dir='ltr'>seculo</span> 
     </span>
     <span class='ocr_line' id='line_1_8' title="bbox 226 1345 1281 1431; baseline 0 -21"><span class='ocrx_word' id='word_1_58' title='bbox 226 1347 357 1422; x_wconf 86' lang='lat' dir='ltr'>viderat,</span> <span class='ocrx_word' id='word_1_59' title='bbox 370 1349 450 1414; x_wconf 90' lang='lat' dir='ltr'>mira</span> <span class='ocrx_word' id='word_1_60' title='bbox 462 1347 591 1431; x_wconf 90' lang='lat' dir='ltr'>quidem</span> <span class='ocrx_word' id='word_1_61' title='bbox 602 1348 624 1388; x_wconf 64' lang='lat' dir='ltr'>&#39;l</span> <span class='ocrx_word' id='word_1_62' title='bbox 654 1361 686 1411; x_wconf 89' lang='lat' dir='ltr'>et</span> <span class='ocrx_word' id='word_1_63' title='bbox 698 1345 940 1411; x_wconf 84' lang='lat' dir='ltr'>admirationem</span> <span class='ocrx_word' id='word_1_64' title='bbox 953 1347 992 1412; x_wconf 89' lang='lat' dir='ltr'>ab</span> <span class='ocrx_word' id='word_1_65' title='bbox 1008 1346 1210 1411; x_wconf 83' lang='lat' dir='ltr'>audientibus</span> <span class='ocrx_word' id='word_1_66' title='bbox 1226 1367 1281 1412; x_wconf 85' lang='lat' dir='ltr'>ex-</span> 
     </span>
     <span class='ocr_line' id='line_1_9' title="bbox 230 1455 1278 1542; baseline -0.001 -21"><span class='ocrx_word' id='word_1_67' title='bbox 230 1457 419 1542; x_wconf 86' lang='lat' dir='ltr'>torquentia.</span> <span class='ocrx_word' id='word_1_68' title='bbox 466 1455 555 1522; x_wconf 86' lang='lat' dir='ltr'>Inter</span> <span class='ocrx_word' id='word_1_69' title='bbox 570 1456 631 1521; x_wconf 87' lang='lat' dir='ltr'>alia</span> <span class='ocrx_word' id='word_1_70' title='bbox 652 1479 736 1532; x_wconf 86' lang='lat' dir='ltr'>vero,</span> <span class='ocrx_word' id='word_1_71' title='bbox 761 1479 833 1541; x_wconf 87' lang='lat' dir='ltr'>quae</span> <span class='ocrx_word' id='word_1_72' title='bbox 854 1457 970 1534; x_wconf 85' lang='lat' dir='ltr'>retulit,</span> <span class='ocrx_word' id='word_1_73' title='bbox 995 1455 1151 1521; x_wconf 85' lang='lat' dir='ltr'>“Ductus</span> <span class='ocrx_word' id='word_1_74' title='bbox 1172 1458 1278 1534; x_wconf 87' lang='lat' dir='ltr'>sum,&#39;’</span> 
     </span>
     <span class='ocr_line' id='line_1_10' title="bbox 227 1565 1282 1652; baseline 0 -23"><span class='ocrx_word' id='word_1_75' title='bbox 227 1567 344 1652; x_wconf 85' lang='lat' dir='ltr'>inquit,</span> <span class='ocrx_word' id='word_1_76' title='bbox 370 1575 501 1652; x_wconf 85' lang='lat' dir='ltr'>“usque</span> <span class='ocrx_word' id='word_1_77' title='bbox 524 1565 565 1630; x_wconf 93' lang='lat' dir='ltr'>ad</span> <span class='ocrx_word' id='word_1_78' title='bbox 585 1588 770 1650; x_wconf 87' lang='lat' dir='ltr'>supremum</span> <span class='ocrx_word' id='word_1_79' title='bbox 794 1567 983 1629; x_wconf 86' lang='lat' dir='ltr'>Sanctorum</span> <span class='ocrx_word' id='word_1_80' title='bbox 1005 1565 1161 1642; x_wconf 90' lang='lat' dir='ltr'>ordinem,</span> <span class='ocrx_word' id='word_1_81' title='bbox 1172 1580 1205 1629; x_wconf 89' lang='lat' dir='ltr'>et</span> <span class='ocrx_word' id='word_1_82' title='bbox 1216 1566 1282 1631; x_wconf 82' lang='lat' dir='ltr'>dixi</span> 
     </span>
     <span class='ocr_line' id='line_1_11' title="bbox 226 1675 1285 1761; baseline 0.001 -21"><span class='ocrx_word' id='word_1_83' title='bbox 226 1676 350 1741; x_wconf 87' lang='lat' dir='ltr'>ductori</span> <span class='ocrx_word' id='word_1_84' title='bbox 361 1699 433 1741; x_wconf 91' lang='lat' dir='ltr'>meo</span> <span class='ocrx_word' id='word_1_85' title='bbox 445 1686 454 1714; x_wconf 93' lang='lat'>‘</span> <span class='ocrx_word' id='word_1_86' title='bbox 465 1676 614 1755; x_wconf 87' lang='lat' dir='ltr'>Domine,</span> <span class='ocrx_word' id='word_1_87' title='bbox 627 1677 681 1761; x_wconf 94' lang='lat' dir='ltr'>qui</span> <span class='ocrx_word' id='word_1_88' title='bbox 693 1691 768 1740; x_wconf 93' lang='lat' dir='ltr'>sunt</span> <span class='ocrx_word' id='word_1_89' title='bbox 777 1676 829 1740; x_wconf 91' lang='lat' dir='ltr'>isti</span> <span class='ocrx_word' id='word_1_90' title='bbox 842 1677 918 1740; x_wconf 81' lang='lat' dir='ltr'>P’et</span> <span class='ocrx_word' id='word_1_91' title='bbox 928 1675 990 1752; x_wconf 89' lang='lat' dir='ltr'>ille,</span> <span class='ocrx_word' id='word_1_92' title='bbox 1005 1675 1159 1761; x_wconf 85' lang='lat' dir='ltr'>‘Apostoli</span> <span class='ocrx_word' id='word_1_93' title='bbox 1176 1675 1285 1741; x_wconf 86' lang='lat' dir='ltr'>Chris·</span> 
     </span>
     <span class='ocr_line' id='line_1_12' title="bbox 227 1785 1286 1871; baseline -0.001 -20"><span class='ocrx_word' id='word_1_94' title='bbox 227 1787 252 1851; x_wconf 87' lang='lat' dir='ltr'>ti</span> <span class='ocrx_word' id='word_1_95' title='bbox 273 1786 392 1851; x_wconf 72' lang='lat' dir='ltr'>suntl’</span> <span class='ocrx_word' id='word_1_96' title='bbox 415 1786 556 1870; x_wconf 83' lang='lat' dir='ltr'>‘Aspexi</span> <span class='ocrx_word' id='word_1_97' title='bbox 579 1787 686 1870; x_wconf 83' lang='lat' dir='ltr'>itaque</span> <span class='ocrx_word' id='word_1_98' title='bbox 701 1799 735 1850; x_wconf 94' lang='lat' dir='ltr'>et</span> <span class='ocrx_word' id='word_1_99' title='bbox 756 1785 822 1850; x_wconf 91' lang='lat' dir='ltr'>vidi</span> <span class='ocrx_word' id='word_1_100' title='bbox 843 1787 928 1850; x_wconf 87' lang='lat' dir='ltr'>inter</span> <span class='ocrx_word' id='word_1_101' title='bbox 950 1785 1119 1871; x_wconf 88' lang='lat' dir='ltr'>Apostolos</span> <span class='ocrx_word' id='word_1_102' title='bbox 1142 1799 1175 1851; x_wconf 86' lang='lat' dir='ltr'>et</span> <span class='ocrx_word' id='word_1_103' title='bbox 1204 1809 1286 1852; x_wconf 88' lang='lat' dir='ltr'>mar·</span> 
     </span>
     <span class='ocr_line' id='line_1_13' title="bbox 228 1896 1284 1983; baseline 0.002 -23"><span class='ocrx_word' id='word_1_104' title='bbox 228 1909 313 1983; x_wconf 88' lang='lat' dir='ltr'>tyres</span> <span class='ocrx_word' id='word_1_105' title='bbox 342 1896 482 1982; x_wconf 62' lang='lat' dir='ltr'>sedemb</span> <span class='ocrx_word' id='word_1_106' title='bbox 500 1919 642 1973; x_wconf 86' lang='lat' dir='ltr'>vacuam,</span> <span class='ocrx_word' id='word_1_107' title='bbox 670 1910 703 1961; x_wconf 91' lang='lat' dir='ltr'>et</span> <span class='ocrx_word' id='word_1_108' title='bbox 727 1905 952 1981; x_wconf 86' lang='lat' dir='ltr'>percunctatus</span> <span class='ocrx_word' id='word_1_109' title='bbox 975 1919 1045 1962; x_wconf 88' lang='lat' dir='ltr'>surn</span> <span class='ocrx_word' id='word_1_110' title='bbox 1076 1919 1174 1983; x_wconf 89' lang='lat' dir='ltr'>quare</span> <span class='ocrx_word' id='word_1_111' title='bbox 1200 1911 1284 1962; x_wconf 79' lang='lat' dir='ltr'>esset</span> 
     </span>
     <span class='ocr_line' id='line_1_14' title="bbox 226 2008 1285 2097; baseline 0.002 -25"><span class='ocrx_word' id='word_1_112' title='bbox 226 2031 347 2074; x_wconf 83' lang='lat' dir='ltr'>vacuus</span> <span class='ocrx_word' id='word_1_113' title='bbox 362 2009 450 2074; x_wconf 90' lang='lat' dir='ltr'>locus</span> <span class='ocrx_word' id='word_1_114' title='bbox 465 2009 529 2085; x_wconf 93' lang='lat' dir='ltr'>ille,</span> <span class='ocrx_word' id='word_1_115' title='bbox 545 2009 595 2072; x_wconf 85' lang='lat' dir='ltr'>vel</span> <span class='ocrx_word' id='word_1_116' title='bbox 611 2010 683 2093; x_wconf 91' lang='lat' dir='ltr'>quis</span> <span class='ocrx_word' id='word_1_117' title='bbox 699 2008 764 2074; x_wconf 87' lang='lat' dir='ltr'>illic</span> <span class='ocrx_word' id='word_1_118' title='bbox 779 2023 861 2074; x_wconf 90' lang='lat' dir='ltr'>esset</span> <span class='ocrx_word' id='word_1_119' title='bbox 876 2031 1016 2074; x_wconf 89' lang='lat' dir='ltr'>sessurus</span> <span class='ocrx_word' id='word_1_120' title='bbox 1025 2037 1035 2088; x_wconf 69' lang='grc' dir='ltr'><strong><em>ς</em></strong></span> <span class='ocrx_word' id='word_1_121' title='bbox 1057 2024 1091 2074; x_wconf 87' lang='lat' dir='ltr'>et</span> <span class='ocrx_word' id='word_1_122' title='bbox 1102 2009 1234 2097; x_wconf 80' lang='lat' dir='ltr'>angelus</span> <span class='ocrx_word' id='word_1_123' title='bbox 1244 2009 1285 2074; x_wconf 84' lang='lat' dir='ltr'>ad</span> 
     </span>
     <span class='ocr_line' id='line_1_15' title="bbox 228 2119 1285 2205; baseline 0.003 -21"><span class='ocrx_word' id='word_1_124' title='bbox 228 2143 279 2184; x_wconf 89' lang='lat' dir='ltr'>me</span> <span class='ocrx_word' id='word_1_125' title='bbox 296 2119 414 2184; x_wconf 85' lang='lat' dir='ltr'>‘Sedes</span> <span class='ocrx_word' id='word_1_126' title='bbox 426 2133 473 2185; x_wconf 90' lang='lat' dir='ltr'>est</span> <span class='ocrx_word' id='word_1_127' title='bbox 484 2120 650 2205; x_wconf 88' lang='lat' dir='ltr'>cujusdam</span> <span class='ocrx_word' id='word_1_128' title='bbox 665 2121 835 2184; x_wconf 89' lang='lat' dir='ltr'>sacerdotis</span> <span class='ocrx_word' id='word_1_129' title='bbox 845 2121 1041 2205; x_wconf 84' lang='lat' dir='ltr'>Anglorurn:</span> <span class='ocrx_word' id='word_1_130' title='bbox 1054 2122 1062 2151; x_wconf 88' lang='lat'>’</span> <span class='ocrx_word' id='word_1_131' title='bbox 1073 2123 1091 2152; x_wconf 90' lang='lat'>’&#39;</span> <span class='ocrx_word' id='word_1_132' title='bbox 1106 2135 1140 2186; x_wconf 91' lang='lat' dir='ltr'>ut</span> <span class='ocrx_word' id='word_1_133' title='bbox 1153 2123 1285 2187; x_wconf 86' lang='lat' dir='ltr'>cessavit</span> 
     </span>
     <span class='ocr_line' id='line_1_16' title="bbox 228 2230 1285 2318; baseline 0.002 -23"><span class='ocrx_word' id='word_1_134' title='bbox 228 2244 341 2296; x_wconf 89' lang='lat' dir='ltr'>autem</span> <span class='ocrx_word' id='word_1_135' title='bbox 356 2230 446 2316; x_wconf 87' lang='lat' dir='ltr'>loqui</span> <span class='ocrx_word' id='word_1_136' title='bbox 457 2232 695 2294; x_wconf 89' lang='lat' dir='ltr'>communicans</span> <span class='ocrx_word' id='word_1_137' title='bbox 705 2230 876 2316; x_wconf 85' lang='lat' dir='ltr'>migravite</span> <span class='ocrx_word' id='word_1_138' title='bbox 892 2253 1033 2318; x_wconf 83' lang='lat' dir='ltr'>corpore.</span> <span class='ocrx_word' id='word_1_139' title='bbox 1079 2231 1176 2297; x_wconf 88' lang='lat' dir='ltr'>Multi</span> <span class='ocrx_word' id='word_1_140' title='bbox 1188 2232 1285 2318; x_wconf 84' lang='lat' dir='ltr'>igitur</span> 
     </span>
     <span class='ocr_line' id='line_1_17' title="bbox 227 2340 1283 2428; baseline 0.001 -24"><span class='ocrx_word' id='word_1_141' title='bbox 227 2341 320 2406; x_wconf 89' lang='lat' dir='ltr'>dictis</span> <span class='ocrx_word' id='word_1_142' title='bbox 343 2342 412 2426; x_wconf 84' lang='lat' dir='ltr'>ejus</span> <span class='ocrx_word' id='word_1_143' title='bbox 427 2340 523 2405; x_wconf 89' lang='lat' dir='ltr'>fidem</span> <span class='ocrx_word' id='word_1_144' title='bbox 544 2341 733 2417; x_wconf 90' lang='lat' dir='ltr'>babuerunt,</span> <span class='ocrx_word' id='word_1_145' title='bbox 751 2363 822 2425; x_wconf 90' lang='lat' dir='ltr'>quae</span> <span class='ocrx_word' id='word_1_146' title='bbox 837 2364 892 2426; x_wconf 86' lang='lat' dir='ltr'>per</span> <span class='ocrx_word' id='word_1_147' title='bbox 907 2358 1043 2406; x_wconf 85' lang='lat' dir='ltr'>mortem</span> <span class='ocrx_word' id='word_1_148' title='bbox 1059 2344 1129 2426; x_wconf 88' lang='lat' dir='ltr'>ejus</span> <span class='ocrx_word' id='word_1_149' title='bbox 1143 2343 1283 2428; x_wconf 88' lang='lat' dir='ltr'>repenti-</span> 
     </span>
     <span class='ocr_line' id='line_1_18' title="bbox 224 2451 1279 2538; baseline 0 -23"><span class='ocrx_word' id='word_1_150' title='bbox 224 2475 302 2516; x_wconf 87' lang='lat' dir='ltr'>nam</span> <span class='ocrx_word' id='word_1_151' title='bbox 314 2452 403 2538; x_wconf 90' lang='lat' dir='ltr'>quasi</span> <span class='ocrx_word' id='word_1_152' title='bbox 415 2452 602 2514; x_wconf 83' lang='lat' dir='ltr'>confirmata</span> <span class='ocrx_word' id='word_1_153' title='bbox 611 2451 786 2529; x_wconf 88' lang='lat' dir='ltr'>videbatur,</span> <span class='ocrx_word' id='word_1_154' title='bbox 797 2453 993 2518; x_wconf 83' lang='lat' dir='ltr'>sacerdotem</span> <span class='ocrx_word' id='word_1_155' title='bbox 1006 2467 1113 2517; x_wconf 85' lang='lat' dir='ltr'>antem</span> <span class='ocrx_word' id='word_1_156' title='bbox 1124 2452 1224 2528; x_wconf 84' lang='lat' dir='ltr'>illum,</span> <span class='ocrx_word' id='word_1_157' title='bbox 1237 2453 1279 2516; x_wconf 87' lang='lat' dir='ltr'>de</span> 
     </span>
     <span class='ocr_line' id='line_1_19' title="bbox 227 2560 1282 2648; baseline -0.001 -21"><span class='ocrx_word' id='word_1_158' title='bbox 227 2585 292 2648; x_wconf 89' lang='lat' dir='ltr'>quo</span> <span class='ocrx_word' id='word_1_159' title='bbox 307 2563 504 2626; x_wconf 91' lang='lat' dir='ltr'>mentionem</span> <span class='ocrx_word' id='word_1_160' title='bbox 520 2561 647 2636; x_wconf 86' lang='lat' dir='ltr'>fecerat,</span> <span class='ocrx_word' id='word_1_161' title='bbox 660 2560 856 2626; x_wconf 86' lang='lat' dir='ltr'>celeberrimi</span> <span class='ocrx_word' id='word_1_162' title='bbox 873 2563 1011 2626; x_wconf 91' lang='lat' dir='ltr'>nominis</span> <span class='ocrx_word' id='word_1_163' title='bbox 1033 2563 1198 2625; x_wconf 87' lang='lat' dir='ltr'>eremitam</span> <span class='ocrx_word' id='word_1_164' title='bbox 1213 2583 1282 2626; x_wconf 86' lang='lat' dir='ltr'>esse</span> 
     </span>
     <span class='ocr_line' id='line_1_20' title="bbox 225 2672 1285 2760; baseline 0.001 -22"><span class='ocrx_word' id='word_1_165' title='bbox 225 2675 394 2760; x_wconf 88' lang='lat' dir='ltr'>putabant,</span> <span class='ocrx_word' id='word_1_166' title='bbox 417 2675 508 2759; x_wconf 88' lang='lat' dir='ltr'>cujus</span> <span class='ocrx_word' id='word_1_167' title='bbox 530 2672 667 2738; x_wconf 89' lang='lat' dir='ltr'>similem</span> <span class='ocrx_word' id='word_1_168' title='bbox 689 2674 723 2738; x_wconf 93' lang='lat' dir='ltr'>in</span> <span class='ocrx_word' id='word_1_169' title='bbox 752 2673 905 2759; x_wconf 82' lang='lat' dir='ltr'>religione</span> <span class='ocrx_word' id='word_1_170' title='bbox 926 2686 960 2738; x_wconf 90' lang='lat' dir='ltr'>et</span> <span class='ocrx_word' id='word_1_171' title='bbox 978 2677 1091 2739; x_wconf 79' lang='lat' dir='ltr'>merito</span> <span class='ocrx_word' id='word_1_172' title='bbox 1108 2676 1285 2739; x_wconf 86' lang='lat' dir='ltr'>sanctitatis</span> 
     </span>
     <span class='ocr_line' id='line_1_21' title="bbox 226 2785 1283 2863; baseline 0.002 -15"><span class='ocrx_word' id='word_1_173' title='bbox 226 2807 292 2850; x_wconf 91' lang='lat' dir='ltr'>non</span> <span class='ocrx_word' id='word_1_174' title='bbox 313 2797 487 2850; x_wconf 83' lang='lat' dir='ltr'>noverant=</span> <span class='ocrx_word' id='word_1_175' title='bbox 521 2805 607 2848; x_wconf 91' lang='lat' dir='ltr'>nunc</span> <span class='ocrx_word' id='word_1_176' title='bbox 630 2797 739 2848; x_wconf 89' lang='lat' dir='ltr'>autem</span> <span class='ocrx_word' id='word_1_177' title='bbox 759 2797 826 2848; x_wconf 82' lang='lat' dir='ltr'>turn</span> <span class='ocrx_word' id='word_1_178' title='bbox 848 2807 890 2848; x_wconf 89' lang='lat' dir='ltr'>ex</span> <span class='ocrx_word' id='word_1_179' title='bbox 914 2785 1075 2849; x_wconf 86' lang='lat' dir='ltr'>visionum</span> <span class='ocrx_word' id='word_1_180' title='bbox 1102 2785 1283 2863; x_wconf 89' lang='lat' dir='ltr'>concordia,</span> 
     </span>
     <span class='ocr_line' id='line_1_22' title="bbox 225 2895 1282 2983; baseline 0.003 -24"><span class='ocrx_word' id='word_1_181' title='bbox 225 2909 297 2959; x_wconf 85' lang='lat' dir='ltr'>tum</span> <span class='ocrx_word' id='word_1_182' title='bbox 315 2917 359 2958; x_wconf 78' lang='lat' dir='ltr'>ex</span> <span class='ocrx_word' id='word_1_183' title='bbox 391 2895 533 2982; x_wconf 88' lang='lat' dir='ltr'>martyrii</span> <span class='ocrx_word' id='word_1_184' title='bbox 556 2895 732 2982; x_wconf 85' lang='lat' dir='ltr'>privilegio,</span> <span class='ocrx_word' id='word_1_185' title='bbox 756 2912 824 2960; x_wconf 89' lang='lat' dir='ltr'>tum</span> <span class='ocrx_word' id='word_1_186' title='bbox 848 2919 889 2961; x_wconf 84' lang='lat' dir='ltr'>ex</span> <span class='ocrx_word' id='word_1_187' title='bbox 919 2898 1048 2962; x_wconf 89' lang='lat' dir='ltr'>nomine</span> <span class='ocrx_word' id='word_1_188' title='bbox 1071 2910 1105 2962; x_wconf 89' lang='lat' dir='ltr'>at</span> <span class='ocrx_word' id='word_1_189' title='bbox 1126 2898 1282 2983; x_wconf 82' lang='lat' dir='ltr'>dignitate</span> 
     </span>
     <span class='ocr_line' id='line_1_23' title="bbox 225 3005 1283 3094; baseline 0.002 -24"><span class='ocrx_word' id='word_1_190' title='bbox 225 3006 405 3082; x_wconf 86' lang='lat' dir='ltr'>sacerdotii,</span> <span class='ocrx_word' id='word_1_191' title='bbox 415 3005 594 3092; x_wconf 85' lang='lat' dir='ltr'>colligimus</span> <span class='ocrx_word' id='word_1_192' title='bbox 604 3007 731 3093; x_wconf 81' lang='lat' dir='ltr'>martyri</span> <span class='ocrx_word' id='word_1_193' title='bbox 742 3020 850 3071; x_wconf 88' lang='lat' dir='ltr'>nostro</span> <span class='ocrx_word' id='word_1_194' title='bbox 859 3008 1071 3094; x_wconf 89' lang='lat' dir='ltr'>potiusquam</span> <span class='ocrx_word' id='word_1_195' title='bbox 1087 3008 1133 3072; x_wconf 95' lang='lat' dir='ltr'>illi</span> <span class='ocrx_word' id='word_1_196' title='bbox 1144 3009 1283 3073; x_wconf 85' lang='lat' dir='ltr'>solitario</span> 
     </span>
     <span class='ocr_line' id='line_1_24' title="bbox 224 3116 1282 3205; baseline 0.003 -24"><span class='ocrx_word' id='word_1_197' title='bbox 224 3117 334 3181; x_wconf 88' lang='lat' dir='ltr'>sedem</span> <span class='ocrx_word' id='word_1_198' title='bbox 357 3117 443 3180; x_wconf 90' lang='lat' dir='ltr'>illam</span> <span class='ocrx_word' id='word_1_199' title='bbox 465 3117 563 3181; x_wconf 85' lang='lat' dir='ltr'>fuisse</span> <span class='ocrx_word' id='word_1_200' title='bbox 586 3117 619 3180; x_wconf 91' lang='lat' dir='ltr'>in</span> <span class='ocrx_word' id='word_1_201' title='bbox 645 3116 734 3182; x_wconf 91' lang='lat' dir='ltr'>coelis</span> <span class='ocrx_word' id='word_1_202' title='bbox 750 3130 892 3203; x_wconf 88' lang='lat' dir='ltr'>paratam</span> <span class='ocrx_word' id='word_1_203' title='bbox 903 3145 913 3197; x_wconf 79' lang='lat'>3</span> <span class='ocrx_word' id='word_1_204' title='bbox 937 3119 1076 3182; x_wconf 86' lang='lat' dir='ltr'>maxime</span> <span class='ocrx_word' id='word_1_205' title='bbox 1098 3141 1197 3205; x_wconf 83' lang='lat' dir='ltr'>qnntn</span> <span class='ocrx_word' id='word_1_206' title='bbox 1229 3119 1282 3184; x_wconf 87' lang='lat' dir='ltr'>ille</span> 
     </span>
     <span class='ocr_line' id='line_1_25' title="bbox 227 3228 1283 3317; baseline 0.002 -24"><span class='ocrx_word' id='word_1_207' title='bbox 227 3240 353 3293; x_wconf 90' lang='lat' dir='ltr'>tantum</span> <span class='ocrx_word' id='word_1_208' title='bbox 365 3229 459 3292; x_wconf 90' lang='lat' dir='ltr'>unius</span> <span class='ocrx_word' id='word_1_209' title='bbox 474 3228 584 3313; x_wconf 87' lang='lat' dir='ltr'>anguli</span> <span class='ocrx_word' id='word_1_210' title='bbox 606 3228 780 3315; x_wconf 81' lang='lat' dir='ltr'>presbyter,</span> <span class='ocrx_word' id='word_1_211' title='bbox 806 3229 864 3293; x_wconf 88' lang='lat' dir='ltr'>iste</span> <span class='ocrx_word' id='word_1_212' title='bbox 889 3231 986 3294; x_wconf 89' lang='lat' dir='ltr'>totius</span> <span class='ocrx_word' id='word_1_213' title='bbox 1001 3230 1124 3317; x_wconf 81' lang='lat' dir='ltr'>Angliae</span> <span class='ocrx_word' id='word_1_214' title='bbox 1138 3253 1283 3295; x_wconf 88' lang='lat' dir='ltr'>summus</span> 
     </span>
     <span class='ocr_line' id='line_1_26' title="bbox 222 3335 1282 3405; baseline 0.003 -4"><span class='ocrx_word' id='word_1_215' title='bbox 222 3337 370 3402; x_wconf 84' lang='lat' dir='ltr'>sacerdos</span> <span class='ocrx_word' id='word_1_216' title='bbox 390 3337 542 3402; x_wconf 85' lang='lat' dir='ltr'>extiterit.</span> <span class='ocrx_word' id='word_1_217' title='bbox 589 3335 680 3400; x_wconf 89' lang='lat' dir='ltr'>Nihil</span> <span class='ocrx_word' id='word_1_218' title='bbox 703 3350 808 3401; x_wconf 90' lang='lat' dir='ltr'>tarnen</span> <span class='ocrx_word' id='word_1_219' title='bbox 832 3338 865 3402; x_wconf 89' lang='lat' dir='ltr'>in</span> <span class='ocrx_word' id='word_1_220' title='bbox 887 3340 934 3403; x_wconf 90' lang='lat' dir='ltr'>his</span> <span class='ocrx_word' id='word_1_221' title='bbox 955 3339 1103 3404; x_wconf 85' lang='lat' dir='ltr'>omnibus</span> <span class='ocrx_word' id='word_1_222' title='bbox 1121 3363 1161 3405; x_wconf 83' lang='lat' dir='ltr'>ex</span> <span class='ocrx_word' id='word_1_223' title='bbox 1183 3341 1282 3405; x_wconf 88' lang='lat' dir='ltr'>animi</span> 
     </span>
     <span class='ocr_line' id='line_1_27' title="bbox 225 3446 1282 3538; baseline 0.005 -27"><span class='ocrx_word' id='word_1_224' title='bbox 225 3469 297 3512; x_wconf 88' lang='lat' dir='ltr'>mea</span> <span class='ocrx_word' id='word_1_225' title='bbox 312 3447 471 3512; x_wconf 90' lang='lat' dir='ltr'>sententia</span> <span class='ocrx_word' id='word_1_226' title='bbox 484 3446 619 3524; x_wconf 85' lang='lat' dir='ltr'>diffinio,</span> <span class='ocrx_word' id='word_1_227' title='bbox 635 3469 695 3511; x_wconf 92' lang='lat' dir='ltr'>nec</span> <span class='ocrx_word' id='word_1_228' title='bbox 711 3462 880 3532; x_wconf 88' lang='lat' dir='ltr'>martyrem</span> <span class='ocrx_word' id='word_1_229' title='bbox 896 3464 1039 3514; x_wconf 88' lang='lat' dir='ltr'>nostrum</span> <span class='ocrx_word' id='word_1_230' title='bbox 1055 3473 1150 3538; x_wconf 82' lang='lat' dir='ltr'>super</span> <span class='ocrx_word' id='word_1_231' title='bbox 1169 3475 1282 3518; x_wconf 88' lang='lat' dir='ltr'>omnes</span> 
     </span>
     <span class='ocr_line' id='line_1_28' title="bbox 224 3557 1282 3647; baseline 0.007 -26"><span class='ocrx_word' id='word_1_232' title='bbox 224 3572 379 3644; x_wconf 89' lang='lat' dir='ltr'>martyres</span> <span class='ocrx_word' id='word_1_233' title='bbox 394 3581 473 3622; x_wconf 88' lang='lat' dir='ltr'>ausu</span> <span class='ocrx_word' id='word_1_234' title='bbox 491 3558 657 3622; x_wconf 87' lang='lat' dir='ltr'>temerario</span> <span class='ocrx_word' id='word_1_235' title='bbox 672 3557 809 3623; x_wconf 87' lang='lat' dir='ltr'>extollo:</span> <span class='ocrx_word' id='word_1_236' title='bbox 834 3575 1052 3638; x_wconf 84' lang='lat' dir='ltr'>veruntamen,</span> <span class='ocrx_word' id='word_1_237' title='bbox 1069 3578 1223 3647; x_wconf 89' lang='lat' dir='ltr'>quantum</span> <span class='ocrx_word' id='word_1_238' title='bbox 1242 3585 1282 3628; x_wconf 84' lang='lat' dir='ltr'>ex</span> 
     </span>
     <span class='ocr_line' id='line_1_29' title="bbox 224 3669 1281 3759; baseline 0.004 -27"><span class='ocrx_word' id='word_1_239' title='bbox 224 3669 328 3732; x_wconf 83' lang='lat' dir='ltr'>verbis</span> <span class='ocrx_word' id='word_1_240' title='bbox 342 3669 411 3754; x_wconf 88' lang='lat' dir='ltr'>ejus</span> <span class='ocrx_word' id='word_1_241' title='bbox 425 3681 457 3734; x_wconf 85' lang='lat' dir='ltr'>et</span> <span class='ocrx_word' id='word_1_242' title='bbox 472 3669 650 3734; x_wconf 89' lang='lat' dir='ltr'>actionibus</span> <span class='ocrx_word' id='word_1_243' title='bbox 670 3669 880 3734; x_wconf 88' lang='lat' dir='ltr'>verisimiliter</span> <span class='ocrx_word' id='word_1_244' title='bbox 895 3671 1019 3756; x_wconf 88' lang='lat' dir='ltr'>colligo,</span> <span class='ocrx_word' id='word_1_245' title='bbox 1035 3672 1115 3736; x_wconf 93' lang='lat' dir='ltr'>nulli</span> <span class='ocrx_word' id='word_1_246' title='bbox 1138 3694 1281 3759; x_wconf 87' lang='lat' dir='ltr'>unquam</span> 
     </span>
     <span class='ocr_line' id='line_1_30' title="bbox 223 3778 1280 3866; baseline 0.006 -24"><span class='ocrx_word' id='word_1_247' title='bbox 223 3779 330 3864; x_wconf 91' lang='lat' dir='ltr'>potuit</span> <span class='ocrx_word' id='word_1_248' title='bbox 345 3801 411 3843; x_wconf 90' lang='lat' dir='ltr'>esse</span> <span class='ocrx_word' id='word_1_249' title='bbox 427 3778 478 3842; x_wconf 91' lang='lat' dir='ltr'>vel</span> <span class='ocrx_word' id='word_1_250' title='bbox 494 3800 589 3844; x_wconf 89' lang='lat' dir='ltr'>causa</span> <span class='ocrx_word' id='word_1_251' title='bbox 610 3781 740 3866; x_wconf 88' lang='lat' dir='ltr'>martyri</span> <span class='ocrx_word' id='word_1_252' title='bbox 761 3780 934 3865; x_wconf 86' lang='lat' dir='ltr'>gloriosior,</span> <span class='ocrx_word' id='word_1_253' title='bbox 956 3783 1007 3845; x_wconf 89' lang='lat' dir='ltr'>vel</span> <span class='ocrx_word' id='word_1_254' title='bbox 1028 3783 1190 3866; x_wconf 89' lang='lat' dir='ltr'>potentior</span> <span class='ocrx_word' id='word_1_255' title='bbox 1215 3785 1280 3848; x_wconf 86' lang='lat' dir='ltr'>suf-</span> 
     </span>
    </p>
   </div>
   <div class='ocr_carea' id='block_1_3' title="bbox 1024 3943 1280 3960">
    <p class='ocr_par' dir='ltr' id='par_1_3' title="bbox 1024 3943 1280 3960">
     <span class='ocr_line' id='line_1_31' title="bbox 1024 3943 1280 3960; baseline 0 -2"><span class='ocrx_word' id='word_1_256' title='bbox 1024 3943 1280 3960; x_wconf 53' lang='lat' dir='ltr'>munuum—1</span> 
     </span>
    </p>
   </div>
   <div class='ocr_carea' id='block_1_4' title="bbox 258 4029 1039 4191">
    <p class='ocr_par' dir='ltr' id='par_1_4' title="bbox 258 4029 1039 4191">
     <span class='ocr_line' id='line_1_32' title="bbox 262 4029 1039 4102; baseline 0.005 -20"><span class='ocrx_word' id='word_1_257' title='bbox 262 4033 273 4092; x_wconf 83' lang='grc' dir='ltr'>ΙΙ</span> <span class='ocrx_word' id='word_1_258' title='bbox 287 4029 523 4082; x_wconf 76' lang='lat' dir='ltr'>Orias-Ormus</span> <span class='ocrx_word' id='word_1_259' title='bbox 541 4029 574 4080; x_wconf 83' lang='lat' dir='ltr'>A.</span> <span class='ocrx_word' id='word_1_260' title='bbox 682 4030 989 4102; x_wconf 75' lang='lat' dir='ltr'>&#39;aeruna-quadam</span> <span class='ocrx_word' id='word_1_261' title='bbox 1010 4034 1039 4086; x_wconf 76' lang='grc' dir='ltr'>Α.</span> 
     </span>
     <span class='ocr_line' id='line_1_33' title="bbox 258 4121 728 4191; baseline -0.002 -17"><span class='ocrx_word' id='word_1_262' title='bbox 258 4127 374 4184; x_wconf 65' lang='lat' dir='ltr'>§sennar</span> <span class='ocrx_word' id='word_1_263' title='bbox 385 4121 518 4180; x_wconf 85' lang='lat' dir='ltr'>-sedem</span> <span class='ocrx_word' id='word_1_264' title='bbox 539 4121 679 4191; x_wconf 88' lang='lat' dir='ltr'>quandam</span> <span class='ocrx_word' id='word_1_265' title='bbox 696 4123 728 4173; x_wconf 80' lang='grc' dir='ltr'>Α,</span> 
     </span>
    </p>
   </div>
   <div class='ocr_carea' id='block_1_5' title="bbox 0 0 1620 5166">
    <p class='ocr_par' dir='ltr' id='par_1_5' title="bbox 0 0 1620 5166">
     <span class='ocr_line' id='line_1_34' title="bbox 0 0 1620 5166; baseline 0 0"><span class='ocrx_word' id='word_1_266' title='bbox 0 0 1620 5166; x_wconf 95' lang='lat' dir='ltr'> </span> 
     </span>
    </p>
   </div>
  </div>
 </body>
</html>
