3232 5166
178 602 181 606 ¹
232 551 298 612 cap.
319 529 385 614 lb]
602 551 646 596 or.
660 551 772 598 urnac.
792 533 824 598 S.
841 531 982 600 Tuoum.
1245 537 1285 598 55

231 719 312 782 aqua
341 700 452 766 transit
482 701 523 766 ad
552 705 784 788 vegetationem
809 706 995 782 animarum,
1022 706 1066 770 ita
1089 717 1122 770 et
1136 705 1216 770 servi
1238 705 1289 768 sui

231 814 360 900 sanguis
378 837 452 880 cum
471 839 553 901 aqua
568 817 687 882 hibitus
702 833 838 885 transeat
852 820 884 883 in
901 821 1067 884 sanitatem
1082 841 1284 904 corpoream

232 946 291 988 nec
313 925 471 990 credimus
494 927 634 1014 aliquem
657 929 812 994 hactenus
833 930 983 1006 extitisse,
1005 931 1059 994 cui
1089 931 1178 994 Deus
1202 929 1286 994 hanc

232 1033 446 1112 similitudinis
464 1039 704 1122 praerogativam
718 1039 916 1104 concesserit.
965 1038 1068 1103 Solius
1084 1039 1169 1102 enirn
1185 1039 1288 1103 sancti

229 1145 324 1229 hujus
338 1167 429 1210 eruor
444 1161 476 1210 et
491 1147 615 1212 domini
634 1149 667 1212 in
688 1150 835 1213 universo
851 1149 971 1213 mundo
981 1149 1098 1212 hauriri
1114 1149 1285 1236 legitur*:

232 1253 317 1338 quod
330 1267 435 1319 tamen
451 1278 516 1319 non
532 1257 649 1341 absque
664 1280 780 1342 magno
796 1259 908 1323 timore
922 1258 1086 1345 inceptum
1101 1272 1158 1336 est,
1175 1280 1285 1322 verum

230 1364 296 1428 viso
312 1365 387 1448 quia
401 1365 581 1450 proveniret
596 1366 730 1430 infirmis
745 1366 820 1431 inde
835 1367 1005 1453 profectus,
1021 1367 1156 1432 cedente
1172 1369 1286 1432 timore

229 1473 516 1558 paulatimaccessit
527 1476 687 1540 securitas.
713 1477 839 1540 Primus
849 1478 954 1561 itaque
965 1478 1110 1542 omnium
1121 1478 1287 1563 presbyter

230 1582 398 1667 praedictus
431 1584 575 1670 martyris
595 1606 739 1648 cruorem
754 1585 902 1670 gustavit,
923 1598 957 1648 et
976 1584 1130 1669 loquendi
1143 1587 1286 1668 gratiam,
1308 1613 1325 1626 ·

232 1694 307 1758 licet
318 1695 424 1757 minus
437 1695 586 1778 perfecte,
602 1697 739 1778 recepit:
757 1695 842 1779 quod
858 1710 966 1760 autem
982 1697 1067 1781 apud
1083 1698 1286 1762 Cantuariam

231 1805 336 1868 minus
345 1806 376 1869 ei
384 1805 564 1868 restitutum
575 1819 632 1881 est,
644 1827 768 1869 reverso
778 1805 903 1889 plenius
912 1819 960 1869 est
969 1806 1128 1872 collatum.
1175 1807 1287 1874 Rediit

232 1915 330 2000 igitur
351 1914 497 1978 exultans
517 1929 549 1978 et
565 1915 598 1978 in
614 1929 751 2000 martyre
766 1938 824 1978 suo
840 1917 1019 1980 Dominum
1040 1919 1207 2004 magnifice
1223 1919 1288 1982 col·

232 2024 374 2101 laudans,
390 2024 515 2089 occulte
527 2038 633 2088 tamen
647 2039 775 2110 propter
791 2038 911 2088 metum
927 2025 950 2088 J
952 2027 1165 2091 udaizantium
1182 2049 1288 2113 perse-

232 2146 417 2217 quutorum:
435 2133 457 2195 J
460 2133 766 2216 udaizantinm,quia
773 2134 1045 2220 quemadmodum
1057 2135 1080 2198 J
1082 2137 1286 2202 udaeinomen

232 2244 327 2308 occisi
349 2243 479 2319 Christi,
501 2244 545 2307 ita
565 2258 598 2307 et
622 2243 655 2306 hi
675 2247 832 2330 perempti
859 2247 1003 2331 martyris
1023 2247 1156 2332 gloriam
1182 2249 1288 2312 extin-

231 2376 328 2439 guere
344 2355 537 2440 satagebant,
553 2343 584 2419 et
599 2356 783 2419 memoriam
795 2359 864 2442 ejus
879 2357 982 2422 delere
999 2357 1039 2422 de
1050 2371 1141 2422 terra.
1189 2357 1287 2420 Unde

230 2485 326 2526 nemo
352 2463 456 2527 adhoc
478 2462 582 2548 palam
604 2462 794 2548 loquebatur
816 2465 856 2528 de
882 2488 929 2542 eo,
955 2487 1014 2529 nec
1038 2467 1106 2550 ejus
1131 2465 1288 2550 magnalia

232 2573 358 2658 publice
381 2574 601 2651 confitebatur,
622 2575 678 2640 sed
703 2588 771 2640 crat
791 2597 886 2659 super
908 2574 957 2637 his
984 2597 1129 2638 murmur
1151 2573 1288 2638 multum

231 2683 266 2745 in
297 2682 426 2768 populo.
473 2683 548 2747 Jam
579 2685 665 2748 enim
695 2684 952 2768 conspiraverant
983 2682 1046 2746 Dei
1077 2697 1110 2746 et
1142 2683 1288 2767 martyris

232 2789 410 2868 adversarii,
441 2806 477 2855 ut
504 2792 558 2856 ubi
583 2792 762 2855 invenirent
788 2791 883 2876 hujus
908 2792 968 2856 viae
991 2791 1083 2867 viros,
1104 2791 1153 2855 vel
1180 2791 1286 2856 statim

233 2901 422 2965 mulctarent
436 2901 486 2966 vel
502 2902 534 2965 in
547 2901 691 2988 praesidia
702 2906 788 2976 sua†
811 2903 932 2966 vinctos
943 2902 1147 2966 abducerent.
1197 2901 1287 2967 Exiit

232 3012 328 3075 etiam
344 3012 384 3075 ab
399 3013 437 3075 iis
453 3013 541 3096 quasi
557 3014 617 3076 sub
633 3014 763 3076 nomine
777 3014 911 3096 publicae
923 3014 1087 3098 potestatis
1101 3017 1118 3094 ‡
1131 3013 1284 3089 edictum,

230 3143 273 3184 ne
296 3121 366 3203 quis
387 3121 519 3186 ulterius
539 3122 573 3184 in
595 3121 656 3185 hoc
679 3123 808 3185 nomine
839 3122 1031 3205 loqueretur.
1079 3121 1143 3186 Sed
1170 3122 1285 3185 frustra

230 3228 303 3293 solis
325 3229 428 3294 radios
451 3230 607 3295 occultare
631 3232 833 3296 nitebantur:
867 3230 975 3295 dolere
998 3231 1115 3318 qnippe
1139 3244 1287 3317 poterant

268 3431 283 3461 '
304 3429 317 3480 I
337 3428 372 3479 do
384 3435 433 3479 not
444 3428 592 3479 remember
605 3435 632 3478 to
650 3427 718 3478 have
731 3445 794 3478 seen
814 3427 836 3479 it
848 3427 988 3479 remarlred
1000 3427 1141 3496 anywhere
1154 3427 1215 3490 else,
1230 3427 1288 3479 that

231 3498 312 3568 drcps
320 3498 347 3549 ol
355 3497 472 3549 Thomas
481 3497 497 3548 lt
507 3497 628 3549 Becket's
637 3497 716 3548 blood
726 3514 794 3549 were
803 3497 882 3564 given
893 3505 920 3547 to
929 3497 961 3548 be
972 3497 1060 3548 drunk
1069 3497 1104 3564 by
1113 3497 1158 3548 the
1168 3497 1225 3548 siok
1233 3497 1287 3548 and
1299 3515 1313 3526 ⁴
1324 3499 1338 3511 ‘
1350 3489 1355 3500 ¹

233 3567 360 3630 diseased,
375 3576 402 3618 to
420 3584 482 3618 cure
498 3567 567 3618 their
583 3566 747 3618 infinnities:
768 3584 797 3616 or
814 3566 873 3616 that
888 3565 1003 3617 Thomas
1019 3566 1035 3617 ὲ
1055 3565 1155 3617 Becker
1171 3583 1225 3617 was
1243 3565 1287 3616 the

232 3636 295 3706 only
310 3637 379 3688 saint
391 3635 479 3686 whose
491 3635 572 3687 blood
585 3653 639 3686 was
651 3634 739 3686 drunlr
751 3635 779 3685 in
794 3635 846 3686 this
859 3651 978 3685 manner.

269 3733 284 3790 l
305 3747 448 3780 nausiam.
466 3728 523 3780 The
533 3728 689 3780 castlesand
700 3726 869 3795 strongholds
881 3726 912 3777 os
921 3726 965 3777 the
979 3726 1086 3776 barons.
1116 3725 1128 3775 1
1141 3724 1210 3774 have
1224 3741 1286 3776 seen

231 3797 253 3849 it
266 3798 425 3849 somewhere
437 3797 578 3849 remarked
590 3797 648 3848 that
660 3798 687 3847 in
699 3797 744 3848 the
762 3797 836 3864 reign
856 3796 887 3846 of
901 3795 974 3862 King
988 3794 1112 3861 Stephen,
1127 3793 1145 3843 i.
1159 3809 1182 3843 e.
1196 3792 1259 3860 only
1272 3811 1288 3844 a

231 3867 282 3917 few
303 3884 380 3935 years
398 3867 488 3917 before
509 3867 554 3918 the
575 3866 636 3918 date
656 3866 687 3916 ol
702 3864 754 3918 this
773 3865 853 3926 book,
880 3864 954 3915 there
972 3879 1040 3913 were
1059 3879 1094 3913 no
1113 3861 1166 3912 less
1184 3861 1248 3912 than
1273 3879 1289 3913 a

232 3934 365 3987 thousand
378 3935 473 3987 castles
485 3936 512 3986 in
525 3935 658 4004 England.

270 4033 283 4088 1
304 4027 425 4080 Pontica
444 4045 574 4080 rorssrts
591 4028 666 4080 isthe
684 4026 835 4098 expression
853 4026 889 4096 by
905 4024 991 4078 which
1011 4024 1055 4076 the
1065 4022 1153 4093 king’s
1171 4041 1288 4093 govem·

231 4106 306 4149 ment
318 4115 371 4150 was
389 4097 527 4168 generally
541 4097 705 4166 designated.
