3232 5166
332 575 377 638 24
638 569 826 638 Bannnrcrr
870 591 1011 642 sanaris

332 763 468 823 sanctus,
486 748 692 812 Dominicurn
711 747 791 812 illud
806 762 1000 833 praeceptum
1015 748 1111 812 etiam
1126 747 1166 812 ad
1182 747 1305 814 literam
1320 768 1388 813 non

334 859 504 922 immemor
517 858 692 934 observare,
710 861 773 936 Qui
786 860 851 922 vult
864 863 963 922 venire
972 866 1045 946 post
1056 881 1109 937 ma,
1121 861 1245 942 abaeqet
1254 863 1394 944 semetip-

334 993 413 1045 aom,
433 980 462 1034 ct
481 971 568 1032 tollat
581 991 699 1031 crucem
722 991 819 1044 acam,
844 976 873 1032 et
897 979 1040 1050 sequatur
1065 992 1119 1044 me,
1146 991 1273 1033 crucem
1297 989 1389 1033 auam

337 1080 398 1146 sibi
425 1080 564 1164 praeferri
580 1079 739 1164 praecepit.
779 1077 933 1163 Egressus
959 1085 1065 1142 autem
1089 1100 1189 1160 quum
1213 1099 1388 1144 acomme·

337 1190 465 1254 antibus
474 1189 647 1254 accelerare
657 1207 823 1273 cogeretur
835 1189 922 1271 quasi
935 1189 1043 1273 lugam
1053 1189 1241 1254 erubescens
1252 1189 1388 1275 gradum

339 1301 419 1367 fixit.
485 1299 681 1362 Instantibus
720 1313 824 1362 autern
849 1298 1057 1365 nihilominus
1087 1299 1261 1376 monachis,
1291 1312 1325 1364 et
1353 1314 1392 1364 ut

337 1409 520 1495 procederet
542 1408 659 1494 oppido
685 1408 957 1492 compellentibus,
978 1411 1043 1472 sive
1064 1410 1139 1494 quia
1164 1409 1390 1474 irreverentius

336 1521 429 1584 solito
445 1542 478 1583 se
494 1518 657 1596 haberent,
673 1518 738 1582 sive
756 1526 791 1582 ut
806 1540 880 1582 suos
894 1517 1098 1583 confirmaret
1113 1533 1144 1582 et
1159 1518 1384 1596 consolaretur,

338 1630 406 1694 haec
429 1631 474 1693 eis
490 1631 585 1696 verba
601 1631 714 1712 saepius
727 1629 918 1714 replicabat:
951 1635 974 1666 “
988 1628 1077 1694 Quid
1091 1641 1139 1694 est
1162 1629 1235 1704 boc,
1255 1629 1389 1706 domini,

338 1741 416 1824 quid
434 1741 606 1806 formidatis
620 1741 662 1803 ?’'
692 1739 865 1822 Quumque
888 1739 927 1805 ad
943 1741 1059 1805 ostium
1076 1737 1203 1802 claustri
1215 1739 1388 1824 appropin-

338 1866 497 1934 quassent,
513 1867 546 1914 et
561 1872 620 1914 nec
635 1849 714 1914 illud
726 1851 923 1934 confringere
934 1862 1073 1934 possent,
1097 1872 1157 1912 nec
1180 1849 1301 1914 clavem
1328 1871 1390 1935 prae

337 1964 484 2030 manibus
495 1962 658 2039 haberent,
671 1983 744 2025 ecce
757 1961 909 2024 cellerarii
921 1960 985 2024 duo
998 1960 1234 2026 Cantuariensis
1246 1958 1389 2026 ccclesiae

340 2071 498 2136 Ricardus
524 2087 557 2136 et
585 2071 769 2146 Wiilelmus,
798 2071 852 2153 qui
877 2070 986 2134 audito
1013 2069 1152 2138 tumultu
1173 2083 1205 2134 et
1229 2069 1392 2134 collisione

340 2204 498 2246 armornm
524 2182 679 2265 perviam
705 2181 832 2244 claustri
857 2180 912 2244 illo
929 2180 1148 2265 properabant,
1164 2181 1280 2244 ostium
1296 2181 1392 2256 idem,

340 2290 446 2358 avulsa
461 2314 539 2369 sera,
560 2291 700 2356 venienti
716 2290 952 2376 archiepiscopo
967 2291 1195 2376 patefecerunt.

706 2611 945 2674 Faacnnsrutr
991 2613 1021 2674 2.

552 2722 605 2784 De
618 2725 754 2806 inpresso
776 2723 994 2806 archiepiscopi
1012 2724 1044 2784 ia
1058 2722 1221 2784 ecclesiam.

388 2831 510 2896 Audito
537 2832 633 2916 igitur
649 2845 841 2895 armatorum
858 2845 1062 2916 superventu,
1078 2832 1210 2917 quidam
1224 2855 1267 2896 ex
1292 2834 1394 2897 fratri·

343 2942 403 3006 bus
434 2941 475 3008 ad
506 2942 682 3004 orationem
707 2940 811 3004 adhuc
841 2940 1062 3026 persistebant,
1090 2942 1220 3026 quidam
1247 2943 1396 3010 timentes

342 3049 528 3115 diverticula
545 3050 700 3133 petebant
721 3047 923 3122 Quibusdam
939 3071 1013 3112 vero
1034 3050 1202 3116 subvenire
1218 3051 1396 3118 volentibus

342 3163 439 3226 exivit
455 3161 582 3244 quidam
598 3182 638 3223 ex
648 3159 796 3224 iratribus
808 3159 931 3224 dicens:
950 3169 969 3198 ‘⁶
980 3160 1162 3245 Ingredere,
1175 3177 1272 3247 pater,
1294 3164 1397 3247 ingre·

344 3271 427 3349 dere,
445 3293 538 3336 mane
553 3269 729 3344 nobiscum,
747 3282 782 3332 ut
797 3269 823 3332 si
838 3291 967 3334 necesse
978 3283 1025 3333 est
1041 3293 1105 3334 una
1120 3272 1350 3356 compatiamur
1365 3285 1399 3336 et

342 3381 566 3466 glorificemur.
612 3379 818 3446 Exanimatos
844 3379 987 3442 absentia
1003 3391 1058 3442 tua
1074 3381 1242 3464 praesentia
1256 3380 1397 3444 console-

342 3490 428 3554 tur.''
456 3488 636 3573 Respondit
654 3515 661 3553 ι
679 3497 700 3526 “
709 3487 768 3563 Ite,
785 3487 902 3553 divinae
913 3489 1072 3551 servitutis
1084 3511 1221 3574 pensum
1238 3491 1399 3574 implete·'’

346 3601 389 3669 Et
404 3601 576 3664 subsistens
591 3599 630 3663 ab
646 3599 763 3662 ostium
779 3598 900 3680 inquit:
916 3598 1111 3672 “Quamdiu
1127 3601 1277 3664 tenebitis
1290 3599 1400 3664 introi·

345 3728 424 3789 tum,
441 3735 505 3775 non
522 3709 692 3775 introibo.''
713 3707 905 3772 Cedeutibus
922 3708 983 3771 illis
999 3709 1160 3792 ingressus
1176 3711 1398 3774 monasterium

344 3822 482 3886 substitit
498 3822 529 3884 in
546 3820 666 3894 limine,
682 3817 902 3902 repellensque
919 3816 1085 3902 populares
1101 3819 1184 3882 circa
1199 3841 1231 3882 se
1249 3821 1339 3903 quasi
1356 3817 1396 3883 ad

344 3931 562 4015 spectaculum
590 3928 794 4012 constipatos,
813 3927 939 4010 inquit:
962 3925 1158 4000 “Quidnam
1184 3932 1301 3994 metuit
1323 3951 1403 4014 gens

346 4042 406 4104 ista
434 4041 478 4104 ?'’
514 4039 716 4123 ,Responsum
745 4049 810 4100 est:
847 4043 1025 4100 “Armatos
1055 4038 1087 4101 in
1115 4037 1282 4103 claustro.”
1317 4047 1337 4078 “
1351 4039 1403 4104 Ad

342 4153 436 4237 ipsos,
446 4152 462 4180 ’'
487 4152 541 4225 ait,
573 4148 715 4212 “exeo”
745 4146 996 4211 Prohibeutibus
1022 4161 1128 4212 autern
1157 4149 1305 4214 iratribus
1329 4173 1402 4216 euru

346 4262 444 4337 exire,
475 4260 572 4342 coepit
598 4259 683 4324 circa
712 4257 811 4322 limen
847 4257 1014 4333 observari,
1043 4271 1076 4322 et
1101 4262 1200 4340 quum
1226 4261 1399 4346 procedere

346 4385 538 4446 moneretur,
549 4368 633 4433 etad
644 4381 752 4432 sancta
763 4378 945 4432 sanctorum
960 4389 994 4430 se
1009 4368 1162 4446 conierre,
1175 4383 1212 4434 ut
1223 4370 1400 4440 deferretur

344 4480 376 4546 ei
390 4502 431 4544 ex
446 4477 623 4545 reverentia
638 4475 709 4554 loci,
725 4497 791 4540 non
808 4476 975 4560 acquievit.
1310 4465 1314 4472 ¹
