3232 5166
286 525 289 530 ·
329 503 374 564 50
681 494 870 562 Bstvsnrcrr
891 509 1036 560 assarta
1268 487 1334 578 [lib.
1351 487 1380 554 Ι.

327 669 402 732 ficio
423 667 574 731 destituta
580 666 726 751 jacebat:
750 677 957 730 excaecaverat
972 687 1043 728 earn
1065 663 1164 749 ipsius
1186 662 1380 726 infirmitatis

328 777 539 841 vehementia.
570 775 704 840 Audivit
721 776 843 851 mulier,
856 790 888 840 et
900 775 1103 839 conturbatus
1116 787 1164 838 est
1178 787 1290 838 venter
1300 775 1383 859 ejuS,

331 901 364 951 et
378 910 433 952 cor
448 889 516 973 ejus
531 888 731 962 contremuit,
742 902 774 949 et
786 887 824 950 ab
840 887 906 949 imo
920 900 1048 970 pectore
1061 890 1081 934 *
1096 886 1238 969 longiora
1254 887 1382 950 trahens

332 999 474 1082 suspiria,
492 1004 511 1034 “
523 997 635 1072 Ecce,”
648 998 761 1079 inquit,
779 997 979 1081 “pretiosum
994 996 1138 1060 Christus
1152 1012 1319 1082 martyrem
1336 995 1382 1058 fe·

331 1109 406 1172 eit.”
452 1107 521 1172 Nec
537 1107 736 1171 solummodo
755 1122 924 1192 martyrem
944 1107 1075 1176 vocavit,
1090 1106 1147 1170 sed
1169 1120 1202 1170 et
1224 1107 1383 1169 invocavit

332 1217 551 1304 hujuscemodi
579 1217 675 1280 verba
704 1218 904 1292 subnectens,
924 1215 1072 1280 “Sancte
1101 1216 1231 1292 Thoma,
1262 1229 1383 1300 martyr

332 1329 451 1392 Christi
465 1329 613 1412 pretiose,
631 1327 687 1390 tihi
703 1349 753 1390 me
771 1326 929 1390 devoveo:
954 1327 980 1389 si
996 1327 1074 1390 mihi
1090 1327 1283 1390 subtractam
1298 1327 1383 1390 visus

333 1439 467 1522 gratiam
481 1436 663 1510 restitueris,
676 1448 709 1499 et
724 1436 917 1498 revocaveris
933 1458 983 1498 me
1000 1435 1040 1498 ad
1056 1435 1199 1512 salutem,
1215 1435 1320 1500 locum
1336 1458 1384 1498 re-

334 1547 506 1632 quietionis
529 1561 592 1610 tuae
613 1546 717 1620 adibn,
742 1560 814 1609 vota
836 1546 893 1608 tibi
914 1567 988 1608 cum
1008 1545 1193 1608 muneribus
1211 1545 1383 1608 oblatura.’'

335 1657 457 1722 Mirum
468 1657 540 1720 fidei
550 1657 660 1720 florem
673 1656 926 1720 mirabiliorfidei
936 1655 1056 1719 fructus
1068 1668 1220 1738 sequutus
1233 1669 1296 1719 est:
1320 1669 1382 1719 sta·

335 1767 393 1831 tim
408 1789 556 1849 namque,
567 1789 603 1828 ac
618 1767 643 1828 si
659 1788 827 1828 conversus
842 1766 882 1828 ad
898 1787 969 1828 eam
985 1779 1104 1850 martyr
1125 1787 1202 1828 voce
1225 1763 1386 1828 dominica

335 1875 555 1959 respondisset,
573 1873 634 1938 “0
650 1874 772 1950 mulier,
783 1897 899 1960 magna
914 1890 961 1938 est
973 1875 1052 1938 fides
1062 1889 1135 1948 tua3
1166 1876 1218 1936 fiat
1234 1874 1289 1937 tihi
1306 1875 1387 1936 siout

334 1986 408 2061 vis,''
418 1985 505 2068 quasi
518 1985 577 2047 suh
587 1983 673 2047 horae
682 1983 823 2047 dimidiae
832 1987 933 2068 spatio
944 1986 1009 2048 voti
1022 2007 1152 2070 compos
1161 1985 1273 2048 effecta
1282 1985 1385 2048 visum

336 2097 465 2180 recepit,
479 2109 510 2158 et
522 2096 599 2158 citra
610 2108 738 2158 sextum
750 2094 834 2157 diem
848 2095 957 2157 alecto
969 2095 1114 2158 surrexit.
1153 2093 1274 2156 Votum
1290 2094 1387 2178 igitur

338 2219 505 2286 assequuta
514 2205 577 2266 voti
590 2203 779 2267 solutionem
788 2205 838 2268 vel
850 2205 1044 2289 negligentia
1055 2205 1104 2267 vel
1118 2203 1277 2267 oblivione
1290 2203 1387 2267 diuti-

337 2335 375 2378 us
384 2313 567 2398 protelavit:
592 2328 736 2398 correpta
751 2329 797 2378 est
819 2315 935 2378 iterum
958 2329 1053 2397 atque
1076 2328 1216 2378 correcta
1237 2315 1387 2400 gravioris

337 2422 462 2508 flagello
478 2424 672 2487 infirmitatis
718 2423 897 2488 Renovavit
914 2439 1043 2502 votum3
1067 2425 1226 2487 convaluit
1249 2425 1333 2488 illico
1356 2437 1389 2488 et

342 2533 546 2596 Cantuariam
568 2555 723 2596 unacum
741 2535 880 2597 virosuo
905 2547 937 2597 et
957 2533 1148 2609 domesticis
1170 2556 1264 2616 super
1286 2532 1389 2618 dupli·

342 2660 412 2708 cata
430 2644 548 2708 Christi
563 2645 663 2728 gratia
681 2646 796 2728 gratias
818 2645 946 2730 martyri
964 2658 1070 2706 actura
1085 2643 1271 2707 convolavit.
1319 2645 1392 2707 Hoc

339 2755 415 2817 fecit
448 2754 576 2830 initium
610 2755 771 2839 signorum
803 2753 897 2817 Jesus
932 2757 965 2817 in
998 2754 1156 2818 Sussessia
1190 2754 1326 2838 Angliae,
1358 2769 1392 2817 et

342 2862 550 2925 manifestavit
574 2861 710 2946 gloriam
742 2863 889 2946 martyris
918 2862 967 2924 sui
998 2883 1101 2926 coram
1126 2861 1290 2948 discipulis
1312 2865 1390 2947 ejuS,

343 2971 444 3047 nobis,
461 2972 515 3054 qui
531 2970 792 3034 manducavimus
814 2985 847 3034 et
868 2971 1006 3036 bibimus
1023 2995 1097 3035 cum
1118 2972 1180 3047 illo,
1203 2973 1386 3058 priusquam

342 3083 375 3146 in
389 3094 477 3145 utero
490 3082 618 3166 virginis
633 3094 665 3144 et
677 3082 784 3144 matris
799 3079 950 3145 Ecclesiae
962 3083 1189 3166 perimeretur3
1215 3097 1248 3146 et
1260 3082 1391 3167 pulchre

342 3191 417 3255 satis
425 3190 477 3254 die
488 3192 580 3254 tertio
590 3205 664 3254 sunt
674 3191 821 3256 inchoata
831 3190 990 3267 miracula,
1003 3205 1038 3255 ut
1048 3191 1122 3274 quia
1132 3214 1164 3255 se
1175 3206 1302 3255 sanctus
1313 3194 1393 3254 mira

344 3303 602 3366 concurrentium
617 3301 923 3366 circumstantiarum
939 3301 1146 3366 similitudine
1168 3303 1287 3367 Christi
1307 3303 1393 3367 cruci

343 3412 525 3488 confixerat,
541 3412 623 3474 sicut
643 3412 829 3496 proditionis
845 3427 877 3477 et
891 3413 1076 3497 ignominiae
1091 3413 1223 3477 modum
1233 3413 1391 3487 sustinuit,

343 3522 388 3585 sic
403 3534 436 3584 et
451 3521 631 3586 acceleratae
646 3522 906 3588 manifestationis
920 3539 1095 3588 mereretur
1110 3525 1272 3588 bonorem.

381 3806 397 3836 ⁸
407 3822 527 3856 sacroue
534 3833 569 3844 -
578 3803 691 3872 pectoris
711 3803 744 3856 A.
