3232 5166
328 493 369 551 62
676 481 863 542 Buuumcrr
885 495 1028 549 assuris
1271 473 1333 556 [lio.
1351 465 1377 532 l.

327 658 478 744 gravioris
488 679 521 720 se
538 656 637 740 ipsam
653 655 790 738 conjecit
805 651 931 715 vincula
946 650 1113 725 servitutis
1129 647 1231 711 donec
1248 645 1378 710 tandem

330 768 370 832 ad
387 767 526 850 quietem
542 788 574 829 se
592 763 750 828 transtulit
765 762 1027 826 anachoreticam.
1073 758 1241 841 Aequisita
1273 757 1380 842 igitur,
1461 755 1464 760 ’

271 918 312 938 ν
328 885 365 944 'ut
395 879 542 956 diximus,
572 877 702 963 pretiosi
739 877 858 940 cruoris
884 874 1039 958 portione,
1073 871 1114 935 ad
1145 868 1381 935 xenodochium

330 1011 454 1053 reversa
468 1000 524 1066 est,
540 987 612 1050 laeta
627 985 756 1070 quidem
771 1007 829 1071 pro
844 984 1012 1050 sanctuarii
1027 982 1230 1068 pretiositate,
1246 980 1302 1044 sed
1323 1001 1381 1066 pro

330 1099 482 1184 parvitate
495 1097 636 1161 sollicita.
660 1095 838 1159 Verebatur
853 1095 939 1158 euim
955 1115 996 1156 ne
1012 1114 1063 1156 vas
1078 1091 1221 1177 ligneum
1237 1111 1381 1154 cruorem

331 1205 489 1292 liquidum
504 1215 610 1270 totum
625 1206 776 1281 ebiberet,
792 1203 842 1267 vel
858 1225 915 1287 per
930 1202 1046 1268 vasculi
1068 1201 1204 1264 fundum
1219 1200 1382 1280 diffusum,

333 1333 366 1385 et
395 1318 592 1404 congelatum
625 1319 701 1404 ipsa,
733 1340 832 1401 quum
870 1315 975 1393 vellet,
1001 1338 1066 1380 non
1108 1325 1214 1398 posset
1239 1313 1382 1376 avellere.

332 1430 521 1516 Excogitato
545 1429 643 1516 igitur
658 1453 764 1494 secum
780 1429 922 1505 consilio,
945 1450 1052 1514 panno
1066 1426 1174 1513 ligneo
1194 1425 1383 1509 sanguinem

331 1541 500 1627 diligenter
545 1541 700 1616 abstersit,
734 1543 910 1625 recogitans
956 1539 1042 1623 quod
1086 1559 1212 1623 pannus
1248 1536 1383 1600 infectus

331 1655 543 1718 sanctuarium
559 1654 667 1739 partiri
688 1653 805 1716 volenti
820 1653 936 1738 largius
951 1650 1164 1736 responderet,
1180 1662 1213 1713 et
1229 1648 1315 1732 qu'od
1329 1671 1383 1712 vas

334 1765 441 1850 ipsum
450 1763 490 1826 ad
506 1762 593 1828 aliud
610 1762 731 1848 aliquid
747 1764 806 1827 sibi
821 1763 903 1826 soret
917 1761 1141 1836 necessarium,
1152 1759 1295 1824 involuto
1310 1781 1384 1823 vero

334 1896 440 1960 panno
463 1887 496 1938 et
515 1897 587 1938 vase
610 1873 644 1936 in
667 1897 738 1938 arca
760 1873 909 1959 reposito,
934 1894 1031 1954 quum
1055 1871 1089 1935 in
1116 1871 1252 1934 crastino
1281 1870 1385 1935 visura

335 1986 551 2050 sanctuarium
582 2007 687 2048 arcam
729 1997 897 2048 reserasset
933 1996 966 2047 et
1001 1981 1165 2046 vasculum
1201 1981 1383 2065 aperuisset,

334 2095 534 2160 tantumdem
566 2097 600 2159 in
632 2119 680 2172 eo,
708 2097 800 2182 juxta
822 2095 908 2177 quod
940 2094 1080 2160 estimari
1112 2105 1248 2180 poterat,
1271 2091 1385 2177 liquidi

338 2205 459 2269 cruoris
474 2205 604 2280 invenit,
622 2220 776 2288 quantum
797 2205 986 2290 praecedenti
1007 2204 1058 2269 die
1078 2203 1212 2268 afundo
1234 2202 1386 2265 abstersit.

338 2311 575 2400 Obstupescens
604 2327 712 2378 autem
741 2328 774 2378 et
803 2313 961 2378 admirans
984 2315 1028 2378 rei
1052 2314 1237 2389 novitatem,
1261 2312 1388 2376 cuidam

336 2422 481 2487 familiari
502 2446 559 2488 suo
578 2423 654 2509 qnid
676 2425 735 2488 sibi
758 2424 922 2488 accidisset
944 2437 1064 2489 secreto
1094 2423 1275 2498 insinuavit,
1299 2436 1388 2487 tanto

339 2533 379 2597 de
395 2533 555 2618 duplicato
571 2534 629 2598 sibi
645 2557 754 2598 cruore
770 2535 878 2611 laetior,
895 2547 1012 2618 quanto
1027 2534 1142 2598 certior
1164 2535 1203 2598 de
1219 2533 1389 2618 diligenter

335 2644 485 2708 absterso
533 2646 629 2712 Quod
656 2668 757 2730 quum
783 2645 825 2716 ad
861 2668 964 2710 meam
999 2647 1194 2732 pervenisset
1230 2645 1386 2721 notitiam,

338 2753 504 2818 mulierem
516 2776 611 2840 super
622 2755 683 2819 hoc
694 2755 838 2833 conveni,
850 2768 882 2818 et
892 2768 1001 2820 uttam
1018 2755 1146 2842 sanguis
1158 2777 1254 2838 quam
1264 2776 1391 2840 pannus

338 2863 492 2950 sanguiue
516 2864 650 2928 infectus
675 2864 753 2929 mihi
777 2864 993 2930 ostenderetur
1027 2867 1202 2951 impetravi.
1251 2864 1392 2930 Certitu·

342 2972 426 3036 dinis
459 2973 613 3038 habendae
649 2996 744 3038 causa
774 2974 917 3060 adjurare
948 2977 1030 3062 coepi
1059 2976 1145 3042 illam
1180 2999 1236 3064 per
1270 2999 1390 3042 nomen

341 3083 484 3162 Domini,
496 3097 601 3146 utrum
617 3096 702 3147 certa
717 3084 811 3149 fuerit
827 3085 912 3170 quod
928 3089 1066 3154 absterso
1082 3110 1191 3152 cruore
1207 3089 1252 3154 nil
1266 3111 1392 3173 prorsus

343 3191 377 3255 in
406 3192 533 3256 vasculo
562 3195 763 3258 remanserit:
788 3208 820 3259 at
841 3195 895 3259 illa
918 3198 1122 3261 certissimam
1145 3221 1177 3262 se
1208 3221 1274 3263 esse
1297 3200 1393 3263 tantis

342 3303 563 3367 assertionibus
598 3306 822 3389 comprobavit,
852 3321 890 3370 ut
919 3307 1017 3372 fidem
1047 3309 1177 3394 verbisd
1208 3312 1276 3394 ejus
1305 3310 1390 3375 nolle

342 3412 492 3478 adhibere
509 3413 736 3478 incredulitatis
754 3416 915 3482 videretur
930 3419 1098 3483 iudicium:
1127 3419 1211 3503 quod
1228 3432 1334 3484 tamen
1351 3404 1393 3483 ne

343 3523 534 3604 scrupulosis
557 3525 745 3608 quibusdam
767 3529 890 3593 veniret
911 3530 944 3593 in
970 3529 1115 3606 dubium,
1137 3529 1256 3615 placuit
1280 3531 1391 3617 pietati

345 3634 469 3700 Divina
483 3643 521 3698 ut
537 3636 590 3718 qui
605 3635 684 3700 torte
700 3637 825 3722 signum
841 3639 982 3726 primum
998 3662 1063 3704 non
1079 3640 1187 3726 magni
1202 3640 1391 3726 ponderavit

344 3745 534 3810 mirarentur
548 3745 599 3812 vel
611 3747 798 3814 secundum.

345 3909 1393 3940 m-——u——d—-h—-m

429 4079 433 4090 ,
523 4016 963 4077 lustau-*assertionibus
