3232 5166
349 524 392 584 46
686 524 875 592 Brunrucrr
897 551 1040 595 ansanus
1288 540 1352 622 [lib.
1372 543 1400 602 t.

349 693 487 758 ferendae
503 696 697 763 adversitatis
709 702 834 766 animus
849 703 899 767 vel
912 704 1067 768 moriendi
1080 728 1136 791 pro
1151 705 1282 772 Christo
1295 723 1325 773 et
1336 709 1400 773 Ec-

349 805 443 870 clesia
454 809 553 893 major
562 809 703 876 aflectus.
752 813 848 876 Unde
859 827 890 878 et
902 815 1093 900 placita2erat
1105 818 1176 882 Deo
1188 820 1295 884 anima
1304 821 1398 898 illius,

348 931 381 982 et
396 918 555 982 festinavit
569 919 659 984 illum
675 923 809 987 educere
827 926 984 990 Dominus
999 927 1039 990 de
1056 929 1161 992 medio
1180 931 1396 1016 iniquitatum,

348 1042 384 1092 ut
399 1045 480 1094 esset
494 1031 641 1096 videlicet
656 1055 696 1097 ex
712 1035 779 1119 ejus
795 1036 956 1121 triumpho
976 1039 1129 1123 gaudium
1146 1042 1267 1126 angelis
1286 1044 1347 1106 Dei
1364 1047 1396 1108 in

346 1139 436 1216 coelo,
447 1154 478 1206 et
491 1140 648 1219 Ecclesiae,
661 1143 777 1208 diutini
788 1145 931 1228 squalore
944 1149 1085 1212 moeroris
1095 1149 1228 1229 afflictae‚
1241 1175 1297 1235 per
1308 1155 1399 1216 mira-

346 1252 489 1317 culorum
506 1255 753 1318 coruscationem
768 1256 954 1318 redderetur
966 1256 1091 1334 laetitia3
1123 1259 1205 1323 sicut
1220 1276 1252 1325 et
1268 1261 1396 1326 cuidam

345 1364 476 1428 fratrum
495 1364 733 1429 Cantuariensis
748 1365 890 1430 ecclesiae
911 1367 1082 1433 dormienti
1097 1370 1310 1437 insinuatione
1326 1373 1397 1459 pnl-

345 1477 500 1540 cberrima
522 1477 661 1540 innotuit
683 1499 750 1540 esse
764 1477 917 1542 futurum.

840 1640 902 1705 VI.

388 1749 526 1817 Putabat
536 1751 621 1814 enim
633 1752 669 1814 in
680 1751 809 1814 eborum
823 1751 963 1814 ecclesiae
978 1751 1133 1835 praedictae
1143 1754 1262 1820 ordinis
1277 1755 1394 1822 diversi

345 1864 470 1927 turbam
487 1864 575 1948 quasi
590 1863 630 1926 ad
646 1863 730 1926 diem
762 1863 877 1926 festum
908 1862 1097 1928 confluxisse
1128 1879 1161 1928 et
1191 1869 1394 1932 matutinas*

343 1971 515 2036 solenniter
528 1972 701 2048 inchoasse,
717 1972 855 2058 perlecta
869 1994 943 2037 vero
958 1972 1094 2038 lectione
1108 1989 1217 2059 quarta
1232 1999 1296 2040 non
1313 1978 1394 2042 exti-

344 2084 415 2145 tisse
440 2084 494 2165 qni
516 2085 746 2168 responsorium
768 2084 979 2159 subnecteret,
1003 2107 1167 2169 quumque
1183 2088 1310 2150 attoniti
1331 2102 1394 2152 sta·

342 2207 424 2270 rent,
441 2216 664 2276 summumque
680 2194 769 2258 fieret
784 2194 816 2256 in
833 2195 930 2257 choro
938 2194 1110 2271 silentium,
1126 2199 1298 2261 surrexisse
1313 2221 1393 2284 prm.-

343 2304 428 2388 cipui
449 2303 570 2366 decoris
579 2305 738 2388 juvenem,
749 2319 782 2366 et
797 2304 1030 2389 responsorium
1043 2304 1126 2368 istud
1142 2305 1321 2370 dulcissima
1337 2331 1393 2372 vo-

343 2417 387 2480 cis
409 2414 625 2478 modulatione
650 2416 797 2479 omnibus
812 2415 845 2477 in
861 2415 949 2478 illum
967 2416 1217 2480 concedentibus
1229 2420 1391 2484 cecinisse.

343 2528 397 2592 Ex
411 2549 534 2590 summa
551 2549 657 2590 rerum
672 2525 780 2590 laetitia
795 2548 937 2590 summus
949 2527 985 2589 fit
1001 2525 1146 2612 planctus
1160 2528 1191 2590 in
1205 2526 1337 2591 ecclesia
1351 2528 1392 2594 de

342 2639 423 2703 tanti
453 2639 575 2721 patroni
598 2639 748 2714 absentia,
765 2636 819 2700 sed
844 2659 941 2720 quum
967 2637 1120 2719 coeperint
1143 2637 1211 2700 fieri
1241 2638 1393 2703 miracula

340 2749 424 2813 redit
442 2749 558 2833 populo
578 2749 695 2824 laetitia,
712 2761 745 2811 et
762 2747 958 2830 responsorio
979 2746 1106 2832 expleto
1121 2770 1246 2811 versum
1263 2771 1391 2834 quoque

337 2862 464 2947 juvenis
486 2861 572 2925 idem
588 2861 741 2924 annexuit
753 2865 793 2935 ;†
828 2860 990 2924 concurrit
1006 2860 1098 2924 turba
1113 2859 1335 2944 languidorum
1359 2875 1393 2927 et

341 2973 545 3055 consequitur
564 2972 695 3056 gratiam
710 2971 950 3034 beneficiorum.
997 2969 1158 3056 Evigilans
1174 2986 1280 3035 autem
1296 2973 1392 3037 frater

255 3067 261 3080 ⁸
340 3083 519 3170 praedictus,
543 3083 662 3146 caetcris
692 3083 724 3144 in
750 3103 882 3146 moerore
914 3083 1101 3158 constitutis,
1132 3082 1218 3167 quod
1248 3083 1392 3148 audierat

340 3193 596 3268 communicavit,
610 3207 642 3256 et
658 3191 810 3275 quosdam
825 3215 880 3277 spe
896 3192 1008 3256 futurae
1022 3192 1140 3256 laetitiae
1155 3191 1286 3256 refovit:
1319 3192 1391 3278 qui·

339 3305 474 3369 busdam
497 3318 604 3368 autem
634 3315 775 3388 paternae
796 3302 909 3368 mortis
928 3303 1092 3366 renovavit
1113 3304 1390 3388 augmentavitque

342 3415 495 3480 dolorem.

827 3573 906 3638 VII.

381 3688 452 3752 Prae
466 3687 587 3751 caeteris
603 3697 708 3750 tamen
727 3708 807 3748 unus
823 3683 912 3749 luctu
921 3684 1085 3768 deperibat
1100 3684 1237 3762 assiduo,
1254 3682 1390 3748 dicenti·

337 3800 396 3865 bns
419 3799 581 3863 nonnullis
603 3812 748 3862 nostrum
771 3796 857 3880 quod
878 3809 910 3860 et
930 3795 1032 3859 dolori
1055 3797 1124 3881 ejus
1145 3795 1239 3860 simul
1261 3810 1293 3859 et
1315 3796 1389 3859 vitae

337 3932 421 3974 mors
444 3912 543 3974 finem
567 3909 754 3996 imponeret.
802 3906 877 3971 Non
901 3920 1024 3992 poterat
1046 3905 1102 3968 din
1126 3921 1215 3992 pater
1233 3907 1305 3991 pius
1321 3926 1390 3968 sus·

371 4139 386 4168 ⁹
404 4134 756 4189 ratramnus—matutinos
773 4134 807 4185 A.
917 4137 1083 4195 'surusxotr
1097 4131 1266 4202 -adjuuxit
1284 4131 1318 4183 A.
