3232 5166
519 743 1018 857 MIRACULA

351 1037 522 1109 SANCTI
542 1035 726 1107 THOMAE
748 1035 1143 1106 CANTUARIENSIS.

594 1463 707 1519 LIBER
743 1464 897 1520 PRIMUS.

262 1755 435 1844 Postquam
448 1757 545 1844 igitur
554 1753 754 1823 beatissimus
762 1755 881 1822 Christi
890 1769 1012 1845 martyr
1020 1753 1162 1824 Thomas
1169 1757 1277 1846 requi·

219 1869 285 1934 evit
299 1891 318 1934 a
332 1867 492 1933 laboribus
506 1868 580 1944 suis,
594 1881 626 1933 et
646 1890 666 1932 a
683 1866 764 1931 festo
778 1867 952 1932 nativitatis
967 1867 1145 1934 Dominicae
1164 1871 1276 1937 trausi-

221 1980 301 2044 torio
316 1978 357 2044 ad
371 1979 424 2043 illa
443 1978 561 2044 interni
581 1989 614 2043 et
635 1977 738 2042 eterni
759 1977 832 2042 sesti
852 1977 970 2065 gaudia
993 1977 1149 2066 migravit,
1169 2003 1276 2048 versus

218 2105 267 2156 est
281 2091 314 2155 in
331 2091 451 2157 luctum
466 2089 581 2155 chorus
596 2101 712 2166 noster,
728 2094 761 2153 el
775 2110 930 2175 organum
953 2103 1097 2156 nostmm
1115 2089 1150 2155 iu
1164 2113 1276 2159 vocem

218 2202 386 2281 flentium3
412 2201 529 2266 cecidlt
550 2199 638 2264 enim
660 2221 778 2264 corona
800 2199 912 2285 capitis
932 2201 1064 2280 nostri*
1085 2200 1276 2290 Anglorum‚

219 2311 318 2378 immo
330 2327 363 2378 et
377 2307 570 2398 Angelorum
586 2305 695 2396 gloria,
707 2309 765 2375 flos
775 2323 936 2396 pastorum
947 2311 1124 2399 singularis,
1137 2314 1233 2380 decor
1242 2327 1277 2381 et

218 2421 316 2488 decus
332 2423 428 2489 totius
443 2421 604 2498 ecclesiae3
627 2434 757 2505 eratque
775 2421 876 2499 nobis,
897 2422 981 2487 sicut
1002 2421 1163 2490 uberrima
1184 2423 1278 2490 lacri-

219 2557 343 2599 marum
367 2533 467 2620 copia,
491 2532 535 2598 ita
554 2545 588 2597 et
605 2531 774 2617 multiplex
792 2532 1003 2598 illacrimandi
1022 2535 1152 2600 materia
1161 2561 1172 2615 3
1202 2537 1277 2620 quia

219 2642 368 2708 videlicet
389 2641 503 2729 pupilli
522 2640 599 2706 facti
613 2663 723 2706 sumus
737 2641 855 2726 absque
870 2647 1008 2720 tutore,†
1027 2645 1102 2729 quia
1118 2646 1277 2713 conclusit

219 2775 274 2818 ora
288 2753 472 2817 canentium
487 2775 520 2816 se
536 2751 703 2827 Dominus,
719 2751 795 2837 quia
810 2751 931 2837 polluta
945 2765 992 2817 est
1011 2767 1121 2819 sancta
1139 2756 1209 2842 ejus
1222 2778 1277 2823 ec-

219 2862 315 2928 clesia
337 2861 514 2947 parricidali
536 2859 666 2948 flagitio,
690 2874 724 2926 et
753 2861 828 2945 quia
856 2861 1089 2930 lamentabatur
1113 2881 1216 2932 mater
1240 2879 1275 2934 et

218 2975 290 3041 filiae
305 2997 370 3039 non
385 2973 589 3060 planxerunt,
605 2987 638 3037 et
654 2972 805 3037 sustinuit
817 2996 889 3059 quae
900 2975 916 3056 ss
929 2974 1022 3040 simul
1037 2977 1275 3046 contristaretur

218 3100 252 3151 ct
262 3108 328 3150 non
345 3085 414 3164 luit,
427 3099 460 3150 et
475 3107 546 3170 quae
561 3082 778 3149 consolaretur
792 3098 826 3148 et
840 3106 906 3148 nou
921 3085 1053 3152 invenit
1099 3087 1208 3155 Mater
1221 3089 1272 3156 lu-

218 3196 322 3281 gebat,
346 3210 379 3261 et
400 3195 435 3258 in
457 3193 593 3259 materni
614 3192 732 3258 doloris
753 3207 974 3279 augmentum,
996 3195 1070 3263 filiae
1091 3199 1267 3268 canebant:

218 3305 292 3370 satis
306 3327 465 3392 superque
480 3305 513 3368 in
530 3327 563 3368 se
581 3304 648 3390 ipsa
663 3317 796 3390 experta
813 3317 862 3368 est
877 3305 999 3370 musica
1020 3306 1054 3370 in
1069 3306 1159 3374 luctu
1175 3335 1271 3396 quarn

219 3413 400 3504 importuna
421 3416 571 3482 narratio.
616 3414 775 3481 Deflenda
797 3415 896 3502 igitur
914 3417 1006 3484 nobis
1023 3432 1091 3486 erat
1109 3425 1274 3510 sanguinis

260 3691 275 3722 ⁵
294 3689 381 3744 These
394 3690 562 3762 expressions
576 3709 681 3756 nosrru,
696 3707 833 3749 noarauu.
847 3691 897 3744 &a
911 3689 983 3744 shew
995 3690 1054 3744 that
1065 3691 1110 3744 the
1122 3692 1210 3745 writer
1219 3709 1274 3746 wau

221 3783 375 3837 amember
395 3785 426 3838 oi
447 3782 493 3838 the
517 3781 870 3838 cathedral-eatabliahment
897 3784 928 3838 of
951 3782 1136 3855 Canterbury3
1164 3802 1207 3840 aee
1227 3784 1274 3840 tha

225 3876 342 3930 Preiaoe.

259 3976 489 4042 †tutore-patre
508 3973 541 4024 A,

259 4069 351 4136 tquae
363 4084 384 4119 a.
398 4083 421 4119 c.
436 4073 463 4118 et
474 4082 501 4117 n.
515 4064 534 4117 l'.
551 4073 577 4118 et
590 4064 732 4135 quse-qui
746 4083 768 4117 a.
782 4081 808 4117 o.
821 4072 848 4118 et
859 4081 887 4117 n.
900 4063 928 4130 fi,
942 4064 1024 4136 etqui
1036 4065 1069 4120 A.

747 4163 767 4222 5
