3232 5166
325 577 374 657 ,10
789 583 969 656 Pisoraca.

320 769 508 834 meditationi
523 768 755 854 scripturarum:
778 785 871 833 nunu
887 785 1064 832 courosmn
1077 785 1245 831 comaron
1269 783 1422 832 vonoumr

317 892 360 938 ou
375 891 578 937 Passionem
592 892 765 936 mnasonis
781 891 1046 950 canonichorum
1080 877 1111 936 et
1126 871 1280 936 historiam
1295 871 1421 935 studens

320 974 396 1040 livor
408 976 473 1058 (ric)
487 981 580 1040 totam
590 975 682 1040 lecit:
697 981 793 1039 totam
808 973 886 1053 dico,
899 976 969 1058 qnia
981 974 1131 1039 dictamen
1141 983 1234 1040 cautu
1245 975 1423 1040 excellenter

323 1079 492 1164 insignivit.

755 1199 803 1262 Be
817 1199 903 1262 librat
917 1200 989 1284 ey'ca

378 1299 528 1364 Plurimos
544 1322 662 1385 quoque
676 1299 768 1365 libros
784 1301 910 1366 scrihere
924 1301 1007 1380 lecit,
1024 1323 1151 1386 quorum
1167 1301 1291 1366 uomina
1312 1299 1423 1365 subno-

324 1411 436 1469 tantur.
719 1475 721 1478 ,

366 1507 462 1571 Vetus
477 1515 507 1570 et
522 1505 645 1570 Novum
661 1507 882 1571 Testamentum
898 1507 931 1570 iu
947 1530 1009 1571 ono
1024 1507 1185 1572 volumine.

367 1611 449 1674 Iuno
466 1611 561 1674 Vetus
577 1617 607 1674 et
621 1611 745 1674 Novum
759 1610 981 1674 Testamentum
997 1611 1027 1673 in
1044 1633 1106 1674 uno
1122 1611 1282 1676 volumine.

369 1711 512 1796 Quinque
526 1712 596 1776 libri
612 1711 710 1796 Moysi
725 1712 833 1796 glosati
848 1713 880 1775 in
896 1735 957 1776 uno
973 1711 1135 1778 volumine.

370 1815 525 1878 Sexdecim
539 1815 692 1898 prophetae
708 1814 816 1897 glosati
830 1815 864 1877 in
879 1836 940 1877 uno
956 1815 1117 1879 volumine.

366 1913 535 1981 Duodecim
549 1917 678 1980 muneres
694 1916 801 2000 glosati
816 1917 969 2002 prophetae
984 1917 1017 1979 in
1031 1939 1093 1980 uno
1107 1916 1269 1982 volumine.

366 2019 458 2084 Liber
473 2041 578 2103 regum
598 2017 741 2102 glosatos,
756 2018 1004 2102 Paralipomenon
1025 2019 1170 2102 glosatus,
1186 2017 1257 2096 Job,
1273 2017 1427 2084 Parabolos

325 2122 491 2188 Salomonis
515 2129 546 2186 et
571 2121 775 2200 Ecclesiastes,
797 2121 921 2186 Cantica
941 2121 1146 2200 canticorum,
1169 2121 1288 2206 glosati,
1310 2123 1344 2185 in
1365 2145 1428 2187 uno

329 2226 493 2291 volumine.

376 2325 469 2392 Liber
497 2327 733 2406 Ecclesiasticus,
767 2333 798 2392 et
830 2326 906 2393 liber
936 2327 1096 2414 Sapientiae
1128 2326 1271 2412 glosatos,
1304 2326 1336 2390 in
1367 2349 1430 2392 uno

332 2431 493 2496 volumine.

374 2533 492 2610 Tobios,
508 2533 529 2598 J
531 2533 627 2612 udith,
643 2534 763 2612 Esther,
780 2541 810 2598 et
824 2534 945 2613 Esdras,
962 2534 1081 2620 glosati,
1096 2534 1129 2598 in
1144 2557 1205 2598 uno
1220 2531 1382 2598 volumine.

374 2636 466 2700 Liber
481 2636 624 2700 Jndicum
639 2637 782 2722 glosatos.

376 2738 557 2803 Scholastica
573 2740 716 2804 Historia.

373 2842 551 2906 Psalterium
567 2843 735 2908 Glosatnm.

373 2946 455 3009 Innm
470 2967 531 3008 nou
546 2943 707 3030 glosatum.

372 3045 454 3112 111111
469 3045 658 3112 Psalterium.

372 3149 511 3219 Quutuor
526 3151 677 3235 evangelia
692 3150 807 3236 glosata
820 3149 853 3214 iu
868 3171 929 3215 uuo
945 3149 1105 3214 volumine.

373 3252 455 3317 Iuno
471 3253 637 3318 Matthaeus
653 3261 683 3318 et
697 3255 819 3318 Marcus
833 3253 866 3317 in
878 3276 940 3318 uno
955 3253 1116 3318 volumine.

373 3355 397 3419 J
399 3353 532 3423 ohannes
547 3363 578 3420 et
592 3355 690 3420 Lucas
705 3357 737 3422 in
752 3380 814 3422 uno
829 3357 989 3420 volumine.

372 3457 518 3544 Epistolae
547 3459 634 3524 Pauli
662 3459 793 3544 glosatos,
819 3458 1027 3544 Apocalypsis
1053 3463 1084 3522 et
1105 3455 1249 3542 Epistolae
1271 3455 1430 3522 Canonicae

334 3562 468 3647 glosatae,
485 3563 517 3625 in
531 3583 593 3626 ono
609 3562 770 3626 volumine.

374 3663 537 3730 Sententiae
551 3665 632 3728 Petri
647 3662 823 3728 Lombardi.

373 3766 456 3831 111111
472 3765 634 3832 Sententiae
648 3765 791 3850 ejusdem.

373 3869 529 3934 Sermones
547 3868 691 3932 Bernardi
714 3866 831 3932 abbatis
850 3865 1093 3932 Claraevallensis.
1138 3863 1266 3930 Decreta
1282 3863 1429 3930 Gratiani.

330 3973 412 4037 111111
440 3972 569 4036 Decreta
588 3971 733 4036 Gratiani.
778 3971 901 4034 Summa
922 3969 1029 4033 Rufini
1049 3967 1088 4032 de
1114 3967 1259 4032 Decretis.
1306 3967 1431 4033 Summa

331 4074 481 4138 Johannis
509 4073 672 4158 Eaguutiui
698 4072 735 4137 de
760 4072 907 4137 Decretis.
952 4069 1124 4134 Decretoles
1150 4070 1304 4154 Epistolae.
1349 4071 1432 4137 Iron

332 4177 502 4242 Decretales
517 4175 668 4260 Epistolae.
714 4175 795 4240 Inna
810 4174 982 4266 Decretales
1005 4172 1149 4258 Epistulae
1168 4194 1236 4237 cum
1257 4194 1372 4237 summa
1388 4174 1432 4239 sic
