3232 5166
519 665 566 715 na
586 667 665 716 vrrs
691 650 728 717 So
747 648 892 717 Taena.
1217 657 1256 717 21

211 820 443 910 impetrandam
490 824 646 888 incassum
684 823 832 889 laboravi.
904 825 1062 890 Praeterea
1095 837 1141 888 tot
1177 821 1260 886 mihi

208 935 241 998 in
251 933 319 999 dies
328 935 535 1000 cumulantur
543 934 676 1022 injuria,
691 949 736 1001 tot
747 950 855 1000 ettam
869 935 1006 999 radiosis
1023 933 1112 998 malis
1124 934 1262 1020 affligor,

209 1058 256 1110 tot
271 1047 303 1109 in
319 1047 448 1112 auribus
469 1046 549 1110 meis
573 1060 637 1110 tam
664 1047 812 1110 noctibus
841 1069 935 1130 quam
951 1043 1063 1108 diebus
1079 1065 1257 1130 pauperum

208 1177 352 1220 meorum
367 1157 536 1221 hominnm
552 1171 701 1222 resonant
717 1157 934 1241 querimoniae,
953 1155 1038 1239 quod
1054 1155 1095 1219 ad
1120 1154 1265 1241 singulas

207 1266 409 1332 necessitates
432 1266 573 1352 singulos
597 1289 755 1351 nequeam
779 1267 912 1332 nuncios
938 1267 1092 1330 invenire.
1140 1265 1204 1329 Sed
1230 1279 1264 1329 et

185 1377 338 1462 ,injurias
366 1399 452 1442 meas
476 1379 618 1462 quamvis
644 1401 829 1465 exposuero,
853 1378 935 1464 juris
967 1377 1044 1441 mihi
1069 1390 1102 1441 et
1133 1376 1264 1440 rationis

208 1487 401 1551 benelicium
426 1486 645 1573 denegabitur.
695 1487 768 1552 Rex
790 1489 877 1552 enim
905 1488 1101 1562 cinnnrinns,
1127 1489 1260 1573 ejusque
1320 1565 1327 1574 ,

203 1599 343 1684 justitiae,
360 1621 400 1662 ex
415 1599 536 1662 domini
549 1599 633 1684 regis
646 1600 680 1662 in
695 1599 817 1663 linibus
832 1597 1053 1662 transmarinis
1064 1619 1263 1662 commoran-

207 1710 250 1797 tis
268 1708 446 1793 pendentes
472 1709 615 1786 consilio,
641 1709 723 1772 nihil
747 1731 786 1772 eo
811 1709 932 1772 faciunt
956 1708 1136 1772 inconsulto
1153 1733 1163 1781 t
1183 1709 1265 1772 mihi

203 1820 284 1905 juris
299 1833 332 1883 et
346 1821 511 1903 requitatis,
523 1821 602 1883 meis
614 1819 835 1884 transfretandi
846 1833 879 1882 et
894 1841 1002 1904 regern
1017 1818 1156 1881 adeundi
1171 1819 1264 1903 copia

207 1929 396 2012 denegatur.
434 1929 532 1994 Unde
556 1943 589 1994 et
605 1929 688 1993 male
713 1929 808 1993 nimis
835 1951 963 1994 mecum
978 1929 1090 2014 agitur.
1140 1927 1261 1991 Verum

208 2057 250 2101 ex
275 2061 337 2122 quo
362 2061 421 2104 nec
447 2040 521 2103 hinc
548 2061 609 2103 nec
635 2037 723 2103 illinc
753 2040 831 2104 recti
859 2039 1033 2124 quidquam
1054 2060 1110 2102 seu
1130 2039 1265 2124 justitiae

206 2149 344 2225 invenie,
357 2171 417 2235 ego
430 2149 557 2235 qualem
570 2162 672 2234 potest
683 2161 717 2212 et
725 2148 821 2212 debet
831 2149 1083 2234 archiepiscopus
1095 2149 1262 2225 exercebo,

207 2281 265 2346 pro
281 2259 369 2324 nullo
381 2261 562 2324 mortalium
577 2259 611 2324 id
626 2260 840 2324 dimissurus.'’

251 2371 303 2435 Ad
338 2371 421 2434 banc
450 2393 560 2435 vocem
590 2391 673 2436 unus
701 2370 827 2435 illorum
859 2369 1069 2440 exclamavit:
1114 2378 1133 2408 ‘⁴
1150 2370 1264 2447 Minae,

208 2482 322 2546 minae:
345 2482 484 2546 etiamne
500 2495 600 2545 totam
625 2495 741 2545 terram
763 2483 933 2545 interdicto
957 2483 1116 2567 subjicies,
1143 2494 1177 2545 et
1205 2503 1264 2545 nos

210 2615 322 2658 omnes
337 2592 630 2656 excommunicabis
643 2593 675 2654 i”

253 2703 296 2768 Et
320 2704 400 2768 alius
419 2729 427 2776 t
452 2711 472 2742 “
490 2703 542 2767 Sic
557 2703 636 2767 mihi
653 2705 741 2766 Deus
755 2703 795 2767 eit
810 2703 978 2788 propitius,
1001 2722 1203 2790 nequaquam
1230 2703 1263 2767 id
1304 2682 1309 2693 ⁸

205 2814 353 2878 eiiiciett
377 2812 494 2877 multos
524 2833 619 2897 supra
658 2812 788 2876 modum
824 2813 859 2876 in
893 2813 1102 2879 anathematis
1134 2813 1263 2878 vincula

209 2925 373 3010 conjecit.’'
1037 2927 1040 2933 '

253 3047 320 3112 Illis
335 3047 433 3134 igitur
448 3047 664 3124 exilientibus,
681 3062 714 3111 et
728 3049 784 3112 irae
800 3064 832 3112 et
855 3049 1000 3112 convitiis
1014 3049 1113 3113 fraena
1127 3047 1263 3113 laxanti-

210 3161 280 3238 bus,
295 3159 491 3224 chirothecas
501 3159 795 3242 contorquentibus,
804 3160 934 3223 brachia
946 3161 1062 3224 furiose
1071 3160 1264 3245 jactantibus

208 3283 244 3335 ‘et
275 3284 338 3335 tam
367 3271 509 3356 gestibus
539 3291 706 3354 corporum
737 3289 832 3354 quam
863 3270 1065 3334 vehementia
1081 3269 1263 3334 'clamorum

210 3381 377 3446 manifesta
404 3382 536 3446 insaniae
566 3379 684 3444 indicia
710 3379 869 3457 dantibus,
886 3381 1140 3466 archiepiscopus
1166 3381 1264 3445 ctiam

209 3493 354 3556 surrexit.
399 3489 474 3555 Jam
508 3513 582 3554 vero
612 3507 679 3576 prae
707 3491 869 3554 nimietate
900 3490 1056 3556 tumultus
1089 3505 1122 3556 et
1149 3513 1264 3555 vocum

210 3603 391 3668 confusione
404 3624 469 3666 non
483 3600 574 3666 facile
591 3607 656 3665 erat
671 3601 859 3677 discernere,
873 3623 944 3686 quae
956 3606 1125 3668 verborum
1139 3621 1263 3668 venena

210 3714 345 3799 quisque
360 3713 484 3777 illorum
499 3711 530 3775 in
549 3711 715 3776 Christum
732 3711 865 3776 Domini
881 3725 1052 3798 spargeret.

254 3839 402 3906 Tandem
416 3859 493 3903 vero
517 3837 575 3902 lilii
592 3836 706 3918 Belial,
720 3837 761 3902 ad
776 3838 948 3902 monachos
965 3841 1018 3922 qui
1034 3837 1116 3902 forte
1132 3837 1263 3903 aderant

210 3952 362 4028 conversi,
378 3951 427 4014 bis
442 3972 495 4015 eos
510 3949 612 4013 verbis
627 3950 659 4012 in
676 3950 839 4034 proprium
855 3962 888 4013 et
903 3950 999 4013 totius
1015 3949 1123 4032 patriae
1139 3964 1262 4037 patrem

212 4085 344 4140 armare,
371 4083 457 4126 casso
473 4060 548 4124 licet
561 4059 677 4137 labore,
694 4060 800 4123 conati
814 4072 909 4129 sunt:
934 4065 955 4098 “
971 4060 1022 4124 Ex
1035 4075 1125 4146 'parte
1141 4061 1265 4126 domini

212 4175 294 4261 regis
319 4173 519 4258 praecipimus
542 4171 642 4246 vobis,
666 4184 703 4234 ut
731 4171 818 4266 hane
843 4170 1016 4251 bominem,
1035 4193 1076 4236 ne
1101 4194 1264 4259 quoquam

219 4287 365 4364 divertat,
381 4281 551 4368 diligenter
566 4280 760 4357 custodiatis,
782 4301 888 4346 rursus
912 4281 1001 4345 illum
1025 4284 1103 4370 regi,
1121 4261 1217 4368 quum
1235 4286 1265 4350 ci

212 4396 363 4482 placitum
378 4393 484 4468 fuerit,
500 4392 781 4476 repraesentaturi.”

256 4503 470 4590 Eandemque
496 4520 673 4566 sermonem
700 4501 816 4566 iterum
829 4501 1020 4586 iterumque
1039 4502 1265 4588 replicantibus

213 4615 377 4704 respondit
392 4615 462 4702 pius
476 4625 567 4701 pater
581 4634 638 4697 pro
652 4611 727 4678 liliis
784 4611 908 4688 “Quid
923 4627 970 4677 est
985 4613 1072 4678 hoc?
1106 4612 1140 4676 N
1143 4609 1266 4698 unquid'
