3232 5166
329 635 371 696 32
651 628 840 696 Bruanrcrr
865 647 1004 694 ananam

327 804 477 871 videlieet
502 804 535 868 in
560 805 621 870 hoc
636 805 788 880 imitatus,
806 807 861 889 qui
875 803 1045 868 duodecim
1071 802 1217 888 legiones
1241 798 1383 888 Angelo-

328 939 410 992 rum,
423 938 499 999 quas
512 915 552 979 ad
567 918 615 981 sni
631 917 850 981 defensionem
865 938 885 980 a
899 928 987 1001 patre
999 937 1057 978 suo
1073 914 1242 1000 impetrare
1267 913 1383 999 potuit,

329 1025 432 1090 noluit
458 1025 634 1108 implorare.
680 1027 752 1090 Nec
783 1025 877 1088 ullius
905 1022 1050 1109 martyris
1081 1022 1257 1106 passionem
1286 1020 1379 1085 facile

328 1136 488 1201 credimus
515 1136 661 1212 inveniri,
677 1157 750 1222 qnae
765 1135 903 1220 passioni
919 1134 1096 1198 Dominicae
1122 1145 1211 1198 tanta
1232 1132 1381 1198 similitu·

330 1246 405 1310 dine
421 1244 611 1328 respondere
627 1244 778 1310 videatur.

633 1442 873 1506 Faaaunuruu
919 1445 968 1506 ll.

371 1637 486 1703 Passus
498 1649 546 1701 cst
559 1649 667 1702 autem
687 1637 833 1724 egregius
849 1635 914 1700 Dei
930 1635 1049 1701 athleta
1063 1637 1200 1700 Thomas
1215 1637 1385 1701 Cantuari·

331 1750 415 1815 ensis
444 1748 583 1812 ecclesiae
609 1748 874 1832 archiepiscopus,
901 1747 1001 1810 totins
1031 1747 1156 1832 Angliae
1193 1747 1317 1831 primas,
1348 1761 1383 1812 et

332 1858 513 1946 apostolicae
541 1856 623 1920 sedis
658 1857 791 1940 legatus,
823 1877 908 1919 auno
935 1855 973 1919 ab
999 1856 1217 1919 incarnatione
1251 1855 1384 1921 Domini

332 1970 500 2035 millesimo
526 1967 700 2032 centesimo
723 1967 965 2052 septuagesimo,
982 1969 1055 2031 vitae
1071 1989 1149 2031 vero
1175 1968 1275 2052 ipsius
1298 1947 1383 2034 aurio

332 2078 596 2167 quinquagesimo
612 2077 723 2156 terti03
736 2089 847 2160 quarto
862 2075 1010 2140 calendas
1019 2075 1041 2140 J
1043 2078 1176 2157 anuarii,
1188 2079 1267 2142 leria
1280 2081 1382 2157 tertia,

331 2191 410 2255 hora
421 2189 511 2276 quasi
527 2187 704 2264 undecima,
721 2188 770 2251 ie.
787 2188 864 2250 hora
879 2208 1091 2272 vesperarum,
1104 2201 1140 2252 ut
1165 2188 1235 2251 dies
1250 2189 1382 2274 quintus

333 2297 515 2362 Dominicae
544 2295 715 2359 nativitatis
744 2294 784 2358 ad
811 2296 969 2359 miseriam
993 2296 1062 2380 ejus
1084 2297 1177 2361 fieret
1202 2297 1316 2362 natalis
1339 2297 1382 2362 ad

331 2408 474 2495 gloriam,
487 2417 652 2492 praestante
676 2404 789 2470 eodem
807 2406 948 2472 Domino
963 2420 1070 2470 nostro
1085 2408 1163 2472 Jesu
1179 2409 1314 2488 Christo,
1329 2409 1383 2472 cni

336 2540 411 2582 cum
426 2517 521 2581 Patre
536 2529 569 2580 et
586 2515 705 2601 Spiritu
720 2528 829 2578 sancto
844 2515 956 2592 honor,
972 2530 1005 2580 et
1030 2516 1138 2593 virtus,
1150 2530 1198 2582 ·et
1213 2518 1382 2604 imperium

332 2641 381 2693 est
395 2649 451 2714 per
461 2627 586 2691 infinita
597 2625 782 2689 saeculorum
797 2625 922 2690 saecula.
968 2626 1109 2690 Amen*

369 2830 384 2861 ⁸
405 2827 430 2879 lt
442 2827 464 2878 is
474 2825 601 2894 probable
615 2823 673 2875 that
684 2841 758 2875 some
771 2824 846 2875 other
858 2825 885 2876 oi
895 2824 940 2876 the
954 2824 1108 2894 fragments,
1122 2827 1209 2880 which
1225 2828 1237 2878 I
1252 2828 1320 2882 have
1335 2830 1385 2883 lest

332 2921 419 2974 under
430 2919 475 2970 the
485 2916 555 2968 head
565 2917 595 2967 of
603 2915 789 2984 Quaddlognr,
805 2917 919 2968 because
931 2917 1005 2970 there
1022 2936 1090 2971 were
1102 2936 1138 2972 no
1154 2938 1247 2973 means
1258 2922 1289 2973 of
1298 2941 1385 2976 ascer-

331 3014 435 3082 taining
446 3011 515 3063 their
523 3009 640 3073 authore,
653 3027 715 3079 may
728 3009 797 3061 have
810 3010 878 3061 been
891 3009 972 3063 taken
981 3019 1027 3062 out
1035 3012 1066 3063 of
1075 3013 1119 3066 the
1129 3014 1199 3067 work
1211 3017 1242 3068 of
1248 3016 1386 3071 Benediet.

334 3111 383 3162 See
396 3108 468 3161 Vrra
481 3107 507 3159 S.
521 3105 639 3168 Tuoua,
652 3104 686 3156 ab
701 3103 852 3156 auctoribus
865 3105 1094 3175 contemporaneis
1104 3107 1207 3176 scripta,
1224 3113 1240 3162 2
1253 3110 1309 3162 vols
1323 3115 1383 3164 8vo.
