3232 5166
651 606 831 679 Parmos.
1258 607 1281 676 9

189 785 261 859 and
292 787 340 859 all
368 787 407 860 of
437 788 553 874 these,
584 814 669 862 save
697 815 800 864 some
824 792 1077 889 unimportant
1100 791 1281 868 additions

185 900 303 974 found
320 904 356 974 in
377 929 478 977 some
497 904 536 977 of
552 904 666 990 them,
684 929 792 1002 agree
810 907 896 980 with
915 932 987 980 one
1004 908 1170 982 another.

235 1018 320 1090 The·
333 1030 481 1115 present
507 1019 643 1093 edition
667 1022 696 1093 is
722 1022 833 1095 based
854 1046 953 1120 upon
976 1049 998 1096 a
1021 1024 1215 1122 transcript
1241 1023 1281 1098 of

184 1133 248 1206 the
266 1135 365 1208 Paris
390 1137 482 1224 MS„
503 1137 660 1210 collated
688 1140 775 1211 with
793 1139 875 1212 that
893 1140 1013 1213 which
1033 1141 1064 1214 is
1086 1143 1282 1238 preserved

183 1247 220 1319 in
240 1249 301 1322 the
318 1250 453 1349 library
472 1252 511 1324 of
529 1253 718 1326 Lambeth.
771 1255 831 1327 All
849 1254 911 1327 the
931 1254 1055 1330 others
1073 1256 1167 1330 have
1183 1258 1279 1332 been

186 1391 225 1437 so
249 1367 306 1439 far
327 1371 519 1443 examined
543 1396 582 1444 as
600 1381 638 1443 to
663 1372 770 1443 make
788 1372 817 1444 it
834 1373 983 1445 evident
1006 1371 1087 1446 that
1110 1373 1200 1471 they
1217 1399 1280 1448 are

185 1481 393 1580 identically
424 1485 486 1558 the
522 1511 621 1560 same
656 1488 771 1574 work,
799 1487 886 1560 with
921 1513 1010 1586 very
1035 1488 1107 1564 few
1136 1490 1281 1563 various

186 1599 365 1695 readings
396 1601 468 1674 and
495 1627 594 1674 none
625 1603 745 1676 which
774 1602 811 1675 in
843 1627 917 1700 any
946 1604 1078 1700 degree
1108 1605 1280 1680 interiere

185 1716 271 1786 with
286 1716 349 1789 the
360 1742 475 1790 sense.

235 1832 284 1904 Of
301 1833 363 1905 the
382 1834 515 1907 author
533 1833 572 1908 of
589 1834 692 1908 these
706 1835 887 1908 Miracula
904 1835 967 1908 the
985 1835 1113 1910 fullest
1131 1837 1279 1911 ancient

183 1958 342 2020 account
376 1950 405 2022 is
441 1952 547 2046 given
583 1952 620 2022 in
658 1953 810 2024 Rosnnr
844 1954 1058 2026 Swnrnnn’s
1096 1955 1277 2026 Hisronm

181 2066 349 2136 Cmnomr
377 2067 593 2153 Bononnsrs,
620 2092 713 2164 page
741 2069 787 2144 97
815 2069 850 2140 in
881 2069 1278 2142 Sennns's'Hisromm

182 2183 403 2254 Ancmcnnra
422 2183 642 2256 Semeronss
662 2207 776 2269 vanu,
794 2183 875 2279 [fol.
899 2183 1024 2282 1793}

424 2353 471 2414 De
485 2351 586 2415 abbate
601 2351 760 2414 Benedicta
775 2358 803 2414 et
816 2354 879 2436 ey'ae
893 2353 1013 2420 actibus.

224 2507 409 2574 Venerabilis
424 2507 514 2572 abbas
535 2508 629 2591 Burgi
647 2507 836 2584 Benedictus,
853 2507 982 2572 ecclesia
996 2509 1107 2573 Christi
1122 2510 1277 2574 Cantuari-

64 2629 65 2632 ’
177 2610 258 2672 ensis
269 2611 347 2692 prior
357 2611 455 2673 extitit
467 2611 651 2694 magnificus,
661 2621 692 2673 et
701 2610 864 2673 monachos
876 2611 1034 2694 professus,
1048 2620 1077 2674 et
1101 2612 1275 2676 benedictus

179 2721 225 2775 est
239 2711 416 2775 Benedictus
428 2713 496 2795 quia
511 2713 704 2796 plurimarum
714 2711 876 2796 gratiarum
889 2710 1125 2776 benedictionem
1140 2713 1222 2777 dedit
1233 2713 1277 2777 illi

181 2815 341 2878 Dominus.
385 2815 459 2879 Brat
477 2816 557 2879 enim
579 2815 730 2891 literarum
755 2814 881 2878 scientia
899 2814 971 2878 satis
991 2814 1135 2894 imbutus,
1148 2817 1277 2900 regulari

182 2918 338 3002 disciplina
349 2918 460 3002 optime
471 2918 647 2996 instructus
660 2918 804 3002 sapientia
816 2917 940 2981 seculari
952 2917 1121 3002 plenissime
1133 2919 1278 2983 eruditus

181 3021 241 3084 Hic
256 3021 367 3084 electus
382 3027 426 3084 est
442 3021 532 3085 abbas
548 3021 653 3106 Burgi,
669 3020 749 3105 apud
763 3021 952 3084 Wintoniam
965 3027 1035 3106 post
1060 3021 1278 3106 depositionem

179 3123 296 3188 abbatis
319 3123 481 3188 Willelmi:
506 3131 536 3188 et
562 3126 663 3188 statim
687 3131 755 3207 post
782 3129 950 3208 susceptam
981 3145 1082 3188 curam
1112 3124 1276 3188 animarum

179 3225 268 3309 coepit
281 3226 315 3289 in
338 3225 458 3290 ecclesia
484 3248 537 3289 sua
567 3226 657 3289 malas
684 3225 925 3302 consuetudines,
952 3232 983 3288 et
997 3247 1013 3289 e
1028 3226 1275 3290 xordinationum

178 3328 310 3392 tomenta
329 3329 493 3392 secundum
511 3351 597 3414 posse
621 3350 710 3392 suum
727 3327 889 3412 prudenter
910 3329 1066 3413 extirpare,
1090 3343 1121 3392 et
1145 3330 1272 3413 rigorem

180 3430 322 3515 regularis
362 3431 537 3517 disciplinae,
567 3432 644 3495 sieut
674 3439 774 3515 pastor
809 3431 917 3510 bonos,
947 3432 1096 3516 sapienter
1131 3432 1275 3516 plantare.

178 3533 287 3598 Postea
302 3557 370 3598 vero
386 3535 521 3599 extendit
536 3557 658 3598 inanum
673 3557 755 3598 suam
772 3533 810 3598 ad
824 3533 1004 3598 liberandam
1021 3534 1174 3598 ecelesiam
1193 3559 1278 3600 suam

179 3635 216 3698 de
241 3635 341 3698 debito
356 3636 580 3719 praedecessoris
590 3637 637 3699 sui
652 3635 768 3700 abbatis
787 3636 953 3716 Willelmi;
977 3639 1025 3700 eui
1042 3637 1169 3700 Romani
1191 3645 1223 3700 et
1245 3639 1276 3701 in

179 3737 289 3820 Anglia
312 3739 398 3802 multi
420 3737 578 3822 exigebant
597 3737 665 3822 plus
688 3760 775 3822 quam
798 3739 880 3802 mille
902 3745 932 3801 et
952 3739 1130 3822 quingentas
1153 3761 1275 3804 marcas.

179 3839 307 3923 Insuper
322 3846 352 3904 et
367 3847 540 3904 ornamenta
555 3839 688 3904 ecelesiae
710 3847 793 3904 erant
808 3861 861 3924 per
882 3839 996 3902 diversa
1017 3839 1083 3902 loca
1097 3839 1228 3922 dispersa
1244 3849 1275 3904 et

180 3944 345 4008 invadiata:
369 3943 449 4006 unde
464 3944 508 4006 vir
521 3942 695 4012 venerahilis
713 3943 836 4006 nimium
860 3941 1047 4026 gravabatur,
1059 3942 1092 4004 in
1104 3949 1220 4006 tantum
1239 3953 1273 4007 ut

179 4068 248 4110 cum
263 4068 322 4110 nno
338 4045 400 4112 solo
417 4045 560 4110 monacho
584 4067 644 4128 prae
664 4045 843 4128 gravaminis
862 4042 962 4106 dolore
981 4043 1061 4128 apud
1082 4043 1270 4109 Cantuariam

180 4147 362 4231 permultos
387 4147 449 4211 dies
466 4153 598 4210 moratus
622 4147 670 4210 sit.
715 4147 776 4210 Vix
799 4146 920 4210 tandem
944 4145 1094 4224 liberatus,
1121 4170 1182 4210 non
1208 4149 1271 4212 sine

179 4250 262 4333 gravi
277 4249 386 4327 labore,
411 4273 428 4313 a
447 4249 501 4313 tati
518 4249 661 4312 demanda
682 4255 712 4311 et
731 4249 895 4326 vexatione,
920 4247 1002 4311 dedit
1027 4248 1158 4312 animum
1182 4273 1269 4313 sunm
