3232 5166
340 539 381 598 38
689 529 878 594 antcus
898 545 1045 592 ssssrrs
1275 523 1344 608 [lib.
1363 526 1393 586 1.

339 714 533 778 contemnat,
548 722 608 766 nec
622 723 642 766 a
656 699 778 765 domini
793 721 884 786 pupse
902 696 1071 769 Alexandri
1083 698 1217 784 ejusque
1232 717 1393 761 suceesso-

340 837 411 878 rum
423 812 618 898 subjectione
630 811 749 876 resilire
759 822 905 876 attentet.
922 808 1075 894 Martyris
1086 808 1174 872 enim
1187 807 1288 872 nostri
1302 827 1392 892 mug-

341 923 425 990 nolis
440 935 472 988 st
484 921 699 988 Alexandrum
712 919 936 984 commendare
948 917 1108 996 videntur,
1119 931 1154 982 et
1168 919 1267 984 totius
1279 916 1391 982 Eccle-

339 1146 429 1209 sium
445 1144 610 1229 perhibere
619 1143 761 1230 justitiae.

397 1252 547 1318 Gaudeat
575 1254 682 1338 itaque
711 1275 843 1317 summus
868 1251 952 1316 sedis
977 1265 1087 1318 sanctu
1115 1251 1297 1338 paternitas,
1320 1262 1396 1314 tun-

341 1377 412 1428 tum
440 1383 475 1428 se
511 1362 545 1426 iu
580 1363 646 1427 stne
681 1376 860 1447 temporum
884 1375 917 1426 et
950 1362 1103 1427 extrem's
1131 1360 1246 1424 mundi
1268 1361 1291 1402 l*
1322 1358 1397 1424 fini-

340 1474 401 1538 bus
433 1473 580 1538 habuisse
614 1473 737 1537 filium:
772 1471 935 1558 gaudeant
968 1472 1207 1536 Cantusriensis
1242 1469 1399 1536 Eoelesise

340 1583 399 1648 filii
421 1596 580 1650 tantorum
596 1583 656 1648 sibi
671 1582 898 1647 miraculorum
913 1581 1060 1648 solatium
1077 1582 1242 1669 impendi:
1273 1580 1399 1668 gnude-

342 1708 398 1761 ant
420 1697 479 1760 sub
504 1696 587 1760 tenti
611 1695 760 1780 martyris
779 1693 956 1780 patrocinio
977 1707 1063 1758 totus
1084 1693 1169 1758 orbis
1188 1706 1342 1757 terrarum
1361 1703 1401 1756 et.

328 1808 480 1872 universi
503 1806 558 1891 qni
580 1806 727 1870 habitunt
747 1805 781 1868 in
804 1827 853 1870 eo.
901 1803 985 1880 Qun
1007 1819 1056 1869 est
1077 1804 1168 1868 enim
1194 1805 1231 1868 in
1253 1801 1399 1866 Ecclesia

342 1918 493 1995 conditio,
506 1917 577 2002 quis
592 1937 686 1980 sexus
700 1915 752 1981 rel
767 1929 852 1993 setus,
868 1916 942 2001 quis
956 1915 1072 2002 gradus
1086 1916 1138 1980 vel
1153 1914 1241 1992 ordo,
1259 1914 1315 1998 qui
1330 1935 1400 1978 non

343 2029 377 2093 in
391 2028 452 2094 hoc
467 2027 616 2092 thesauro
628 2038 738 2091 nostro
753 2026 872 2112 aliquid
887 2027 947 2092 sibi
955 2027 1034 2090 utile
1044 2027 1211 2090 iuveniat?
1234 2025 1400 2090 Adminis-

343 2151 444 2204 trstur
458 2137 533 2202 hinc
549 2137 776 2218 schismaticisss
788 2136 898 2201 lumen
916 2137 1067 2214 ueritatis,
1085 2137 1266 2222 pastoribus
1277 2133 1400 2201 timidis

343 2247 547 2324 confidentis,
557 2247 674 2310 sonitus
683 2249 919 2332 aegmtnntibus,
930 2261 962 2312 et
971 2248 1203 2333 poenitentibus
1214 2246 1318 2310 venia:
1331 2246 1404 2331 ejus

344 2357 467 2423 meritis
492 2356 569 2422 coeei
588 2355 707 2434 vident,
726 2355 831 2421 claudi
854 2356 1033 2433 ambulant,
1050 2357 1167 2442 leprosi
1189 2355 1401 2431 mundentur,

344 2467 433 2533 surdi
451 2465 598 2544 audiunt,
617 2467 736 2532 mortui
751 2481 932 2552 resurgunt,
948 2467 1123 2551 loquuntur
1137 2468 1231 2545 muti,
1244 2487 1402 2553 pauperes

344 2578 610 2666 evangelizentur,
624 2578 792 2666 paralytici
803 2578 1037 2655 convalescunt,
1049 2578 1273 2643 detmnescnnt
1285 2577 1404 2662 hydro-

345 2689 417 2775 pici,
433 2690 539 2754 sensui
554 2689 750 2754 redonantur
759 2703 911 2765 amentes,
928 2704 1079 2754 curantur
1089 2689 1263 2774 epileptici,
1274 2687 1403 2752 febrici-

346 2811 450 2864 tantes
479 2797 630 2876 evadunt,
661 2813 703 2875 et,
733 2812 771 2862 ut
799 2799 937 2863 breuiter
963 2799 1183 2879 concludetur,
1214 2797 1403 2864 omnimoda

345 2919 475 2974 curatur
494 2906 681 2972 infimitas:
705 2929 775 2991 quae
810 2909 918 2972 omnis
938 2931 1021 2992 pene
1043 2909 1196 2974 miracula
1217 2909 1403 2995 evangelicu

346 3016 564 3105 multipliciter
592 3019 661 3103 ejus
689 3018 811 3084 meritis
841 3018 1000 3104 completa
1036 3033 1121 3084 sunt.
1166 3019 1291 3095 Quater
1316 3021 1403 3086 euim

347 3129 548 3194 invisibiliter
578 3129 709 3194 advenit
733 3130 821 3216 iguis
839 3144 872 3195 et
894 3131 1036 3195 extincto
1056 3131 1107 3196 uel
1129 3153 1225 3218 snper
1248 3130 1299 3196 vel
1322 3131 1406 3196 cirus

348 3240 493 3306 tumbam
507 3242 576 3326 ejus
591 3239 760 3305 luminaria
771 3241 961 3318 reaccendit,
974 3241 1125 3325 quodque
1140 3241 1289 3306 omnibus
1301 3240 1404 3328 magis

349 3349 573 3415 admirandum
596 3363 645 3415 est
666 3367 699 3414 et
729 3350 842 3414 seculis
871 3351 1022 3416 omuibus
1041 3352 1242 3429 inusitatum,
1263 3351 1402 3429 ouillum,

348 3460 407 3548 qui
428 3473 461 3526 et
479 3460 579 3525 oeulis
599 3474 633 3525 st
654 3461 842 3547 genitalibus
863 3462 1027 3527 mutilatus
1049 3476 1107 3540 est,
1130 3479 1272 3550 martyre
1282 3463 1404 3549 jugiter

349 3571 506 3649 invocato,
529 3571 605 3635 novi
627 3570 711 3635 oculi
733 3584 766 3635 et
788 3570 940 3654 genitalis
960 3593 1044 3636 nova
1065 3584 1169 3637 orento
1189 3584 1277 3638 sunt.
1330 3571 1403 3638 Nec

346 3681 437 3748 enim
452 3681 587 3768 legimus
604 3703 786 3768 quenquam
801 3694 984 3747 sanctorum
1000 3683 1152 3770 temperis
1172 3685 1321 3748 retroacti
1336 3695 1402 3748 tsm

349 3805 481 3879 repente
503 3803 575 3877 post
597 3791 721 3856 obitum
742 3791 776 3854 in
797 3803 862 3856 tam
884 3789 974 3856 brevi
987 3803 1035 3856 tot
1054 3804 1088 3856 et
1109 3793 1205 3858 tantis
1224 3815 1403 3860 coruscasse

351 3899 522 3982 miraculis,
545 3923 616 3988 quse
648 3901 723 3986 quis
753 3923 796 3966 ex
824 3900 958 3966 fratrum
989 3901 1154 3966 voluntate
1182 3915 1214 3966 et
1244 3917 1404 3988 precepto

350 4011 528 4077 litterarum
562 4012 726 4077 merueriae
759 4011 983 4076 commendare
1020 4013 1203 4101 compellor,
1238 4013 1314 4077 licet
1343 4035 1405 4078 uec

389 4191 441 4262 'j‘
452 4189 560 4244 Penitus
574 4198 628 4244 toto
641 4189 738 4242 divisos
750 4191 813 4244 orbe
827 4189 995 4243 Britannos.”
1008 4208 1080 4243 vnto.
