3232 5166
347 610 389 670 28
736 607 925 675 Bnuanrcrr
955 629 1098 674 nasama

348 787 558 841 recurrerunt.
603 777 645 842 Et
670 776 771 844 aliisa
792 779 915 846 stabulo
930 801 1029 866 equos
1052 778 1208 845 violenter
1231 777 1405 843 extrahen-

349 887 444 964 tibus,
467 887 535 952 aliis
557 889 691 954 famulos
722 891 807 956 illius
832 891 1037 972 caedentibus,
1064 892 1134 956 aliis
1169 889 1404 955 revolventibus

349 1019 477 1062 omnem
492 997 606 1064 domus
617 1000 843 1087 supellectilem
856 1018 890 1068 et
901 1003 1041 1082 clitellas,
1054 1003 1210 1067 etscrinia
1230 999 1406 1064 demolien·
1436 1051 1438 1054 .

350 1107 446 1185 tibus,
476 1109 628 1195 quicquid
656 1112 725 1176 auri
755 1111 804 1177 vel
831 1113 975 1198 argenti,
994 1113 1129 1177 vestium
1159 1124 1215 1176 aut
1243 1094 1404 1176 variorum

350 1233 609 1284 ornamentorum
626 1221 792 1286 inventum
807 1239 864 1301 est,
881 1224 965 1288 inter
979 1245 1012 1290 se
1027 1246 1085 1310 pro
1100 1223 1264 1289 voluntate
1277 1221 1409 1308 propria

352 1327 535 1422 diviserunt.
584 1329 636 1395 Sic
662 1332 748 1396 eninr
775 1331 893 1399 divinae
916 1333 1035 1418 placuit
1061 1334 1181 1418 pietati,
1208 1344 1357 1418 potenter
1374 1343 1409 1394 et
1494 1337 1496 1342 '

352 1438 511 1524 sapienter
519 1439 702 1526 disponenti
712 1443 829 1520 omnia,
844 1456 881 1507 ut
901 1465 1022 1521 eorum,
1037 1443 1093 1527 qui
1109 1442 1226 1508 Christi
1237 1441 1409 1506 vestimen-

353 1560 386 1611 ta
408 1549 512 1633 partiti
527 1564 610 1628 sunt,
635 1552 806 1617 imitatores
832 1553 937 1618 effecti
963 1554 1142 1637 passionem
1166 1552 1249 1617 servi
1271 1549 1408 1636 passioni

355 1660 487 1725 Domini
511 1662 637 1749 plenius
666 1664 898 1730 assimilarent:
927 1678 1086 1752 quatenus
1110 1665 1276 1729 manilesta
1301 1683 1408 1726 rerum

351 1769 561 1837 similitudine
588 1774 709 1858 cunetis
730 1776 943 1840 innotesceret
967 1776 1128 1853 fidelibus,
1145 1777 1190 1840 ita
1210 1773 1408 1858 eripiendam

354 1901 422 1944 esse
446 1882 610 1948 ecclesiam
626 1907 684 1970 per
706 1888 891 1973 sanguinem
917 1889 1094 1975 martyrius
1109 1888 1259 1952 servitute
1284 1883 1409 1961 mundi,

354 1990 437 2055 sicut
451 2013 509 2075 per
536 2006 667 2059 mortem
685 1994 806 2060 Christi
821 1995 986 2082 redempta
1003 2011 1051 2062 est
1066 2021 1084 2062 a
1097 2010 1252 2082 potestate
1267 1994 1407 2059 Diaboli.

360 2101 454 2164 Porro
469 2105 584 2190 scripta
607 2105 715 2169 omnia
729 2113 762 2170 et
781 2107 952 2194 privilegia,
969 2129 1040 2193 quae
1059 2108 1208 2173 malitiosi
1224 2106 1270 2170 illi
1285 2127 1410 2191 repere-

356 2223 441 2287 runt,
454 2211 521 2276 tilio
547 2215 734 2299 perditionis
750 2215 920 2302 Ranulpho
945 2219 986 2282 de
1014 2218 1097 2284 Broc
1121 2198 1342 2294 tradita‘sunt,
1369 2215 1411 2280 ad

357 2345 466 2412 regem
480 2327 514 2390 in
530 2326 772 2414 {Normanniam
799 2333 1036 2414 transferenda3
1058 2347 1147 2398 ntea
1168 2332 1325 2409 videlicet,
1342 2353 1415 2415 quae

356 2436 447 2522 regni
462 2437 512 2500 sui
526 2441 811 2506 consuetudinibus
837 2443 1022 2508 viderentur
1042 2444 1209 2521 adversari,
1222 2459 1255 2508 et
1270 2443 1324 2508 vel
1340 2443 1411 2506 uni·
1453 2534 1455 2538 Ι

357 2547 484 2612 versalia
503 2549 643 2616 eeclesiae
665 2551 802 2617 libertati
817 2553 867 2617 vel
883 2555 1118 2619 Cautuariensis
1141 2541 1283 2620 ecelesiae
1306 2568 1410 2639 patro-

357 2657 457 2723 cinari
476 2657 695 2746 dignitatibus,
723 2685 780 2749 pro
809 2663 902 2729 libitu
924 2687 981 2730 suo
1011 2679 1066 2731 aut
1089 2667 1330 2742 comminueret,
1355 2677 1412 2728 aut

359 2789 525 2852 nunquam
561 2772 697 2838 ridenda
729 2773 913 2840 recluderet.
960 2775 1004 2841 Et
1038 2777 1155 2842 milites
1185 2776 1317 2863 quidem
1344 2775 1413 2839 haec

357 2877 508 2944 iecerunt.

751 3123 982 3171 assensurum
1005 3111 1036 3171 8.

406 3207 537 3277 Elevato
551 3227 660 3279 autern
675 3231 784 3280 sancto
799 3239 929 3303 corpore
945 3216 985 3281 de
998 3231 1089 3294 terra,
1103 3229 1139 3280 ut
1150 3217 1182 3280 in
1194 3215 1297 3301 figura
1309 3228 1414 3278 osten·

293 3318 295 3323 ’
362 3318 461 3400 deret,
478 3324 553 3410 quia
570 3326 659 3390 malis
683 3327 814 3392 malleus
828 3341 908 3392 esset
922 3329 1056 3405 iuturus,
1073 3342 1104 3392 et
1120 3329 1194 3409 quia
1212 3347 1415 3410 quocumque

363 3444 572 3518 praeterquam
588 3436 628 3500 ad
653 3437 871 3522 paenitentiam
887 3439 1089 3515 diverterent,
1105 3459 1305 3523 nequaquam
1322 3436 1414 3499 ultio·

364 3543 413 3606 nis
427 3544 495 3628 ejus
521 3549 710 3611 sententiam
735 3563 862 3635 possent
886 3549 1029 3627 evadere,
1057 3549 1186 3611 inventa
1213 3561 1287 3610 sunt
1302 3548 1415 3611 subeo

365 3653 530 3720 malleolus
542 3656 664 3721 ferreus
679 3672 711 3722 et
729 3659 869 3725 bisacuta
884 3681 902 3723 a
917 3658 1078 3744 parricidis
1093 3657 1154 3720 illis
1167 3655 1327 3732 derelicta,
1344 3677 1416 3738 quae

365 3785 524 3845 comnena,
541 3770 628 3852 quasi
644 3770 804 3834 vindicata
820 3771 878 3835 sibi
892 3770 924 3833 in
938 3770 1006 3834 illos
1018 3781 1181 3853 potestate,
1197 3779 1414 3852 occupaverat.

367 3875 411 3941 Et
426 3901 525 3962 quum
554 3903 648 3946 cruor
675 3882 815 3946 adinstar
844 3881 1040 3958 diadematis,
1069 3879 1199 3942 forsitan
1227 3877 1259 3940 in
1289 3877 1414 3961 signum

367 3989 548 4067 sanctitatis,
560 3992 656 4076 capiti
665 3992 873 4056 circumfusus
883 3991 1042 4077 jacuisset,
1054 3989 1150 4053 iacies
1161 4000 1267 4051 tamen
1278 4009 1416 4050 acruore

366 4119 493 4184 prorsus
514 4102 665 4167 immunis
691 4105 845 4190 apparuit,
871 4115 1004 4188 excepto
1028 4113 1126 4166 tractu
1142 4097 1278 4184 quodam
1300 4097 1420 4181 gracili,

368 4218 422 4302 qui
437 4239 455 4282 a
469 4213 580 4280 dextra
602 4215 713 4280 irontis
728 4228 816 4301 parte
844 4215 876 4278 in
891 4213 1002 4285 faciem
1018 4211 1175 4276 sinistram
1190 4230 1248 4295 per
1261 4224 1417 4275 transver-
