3232 5166
214 531 281 592 cap.
305 506 374 590 38.]
551 527 594 570 ua
619 527 734 571 urnac.
760 505 791 571 S.
817 507 954 572 Tarona.
1229 509 1266 570 77

210 689 278 742 erat
303 675 489 762 hujusmodi
512 678 561 740 vir
576 676 745 763 praedictus
768 679 803 742 in
818 678 939 742 somnis
964 686 985 716 “
999 677 1098 753 Vade,
1116 676 1267 754 lichene,

212 787 416 852 Cantuariam
440 785 480 850 ad
505 786 666 852 ecclesiam
697 787 825 864 Christi,
855 789 1062 874 imponetque
1094 787 1267 853 monachus

209 895 258 960 lac
273 895 373 960 oculis
389 896 453 960 tuis
473 897 642 982 visumque
663 898 822 983 recipies.'’
864 899 910 962 At
924 897 977 962 ille
1002 899 1104 983 primo
1119 897 1269 962 delusum

209 1028 243 1070 se
260 1008 419 1082 estimans,
437 1028 497 1070 nec
513 1007 674 1092 promissis
699 1007 836 1072 credidit
861 1029 922 1072 nec
947 1009 1053 1094 paruit
1081 1010 1266 1093 praeceptis3

209 1115 320 1181 audito
348 1137 423 1180 vero
447 1126 557 1200 postea
578 1129 725 1181 sanctum
747 1118 811 1182 'Dei
839 1131 887 1183 tot
908 1139 1072 1182 coruscare
1095 1118 1267 1194 miraculis,

208 1225 392 1291 recordatur
425 1225 502 1310 quid
527 1226 673 1303 audierit,
698 1238 733 1290 et
756 1229 962 1292 innocentem
991 1229 1066 1318 agni
1093 1226 1267 1292 dulcissimi

207 1336 397 1423 sanguinem
411 1336 502 1400 lactis
516 1335 680 1401 dulcedini
694 1358 888 1421 comparans,
905 1361 960 1425 spe
976 1337 1086 1402 salutis
1101 1351 1265 1425 concepta,

208 1471 271 1532 quo
286 1469 417 1534 pergere
428 1449 535 1534 jussus
550 1447 663 1525 fuerat,
679 1469 809 1513 suorum
825 1447 944 1513 ducatu
964 1449 1108 1534 pervenit
1117 1473 1127 1525 ;
1140 1471 1266 1513 -nam

206 1571 240 1623 et
253 1580 384 1624 uxorem
401 1560 469 1644 ejus
484 1570 517 1622 et
532 1558 631 1623 filiam
646 1581 720 1622 cum
735 1560 806 1644 ipso
820 1559 942 1622 venisse
957 1558 1100 1623 vidimus.
1147 1558 1267 1623 Inunc·
1288 1582 1316 1609 s

210 1669 250 1734 tis
267 1672 284 1754 ᾧ
302 1669 398 1754 igitur
409 1655 509 1732 oculis
523 1667 588 1732 suis
600 1680 708 1754 optato
717 1668 864 1754 martyris
873 1689 994 1747 cruore,
1005 1668 1037 1731 in
1050 1669 1225 1734 orationem
1236 1691 1270 1734 se

193 1779 385 1864 prostravit.
431 1777 611 1842 Prostratus
634 1778 722 1861 quasi
744 1777 877 1843 tonitrui
898 1779 1007 1865 magni
1033 1779 1139 1844 sonitu
1169 1794 1264 1865 caput

206 1889 267 1953 sibi
294 1890 413 1954 turbari
435 1890 544 1968 sensit,
566 1889 701 1974 visuque
728 1902 867 1974 recepto,
890 1911 1022 1978 surgens
1046 1890 1109 1954 Dei
1131 1891 1265 1976 gratiam

203 1997 332 2085 publice
347 1999 549 2087 praedicavit.

651 2199 835 2286 xxxin.

252 2330 318 2396 Sed
340 2332 419 2418 quid
440 2344 489 2397 est
507 2330 639 2408 facilius,
656 2331 731 2397 dare
752 2332 886 2397 salutem
905 2333 1020 2398 mentis
1039 2355 1080 2398 an
1099 2333 1265 2420 corporis?

208 2441 274 2508 Qui
286 2441 393 2506 oculos
402 2441 497 2528 hujus
512 2443 652 2528 corporis
666 2441 867 2520 illuminavit,
873 2445 1027 2529 juvenem
1042 2442 1082 2508 de
1099 2444 1264 2509 Fordwico

205 2550 387 2616 Henricum
408 2553 510 2616 menti
531 2552 679 2616 restituit.
726 2553 926 2618 Insanivarat
950 2554 1062 2619 diebus
1084 2555 1207 2637 aliquot
1229 2567 1263 2618 et

200 2661 312 2724 amicis
326 2662 392 2726 suis
407 2661 607 2747 inopinatum
618 2662 736 2726 doloris
747 2664 864 2726 vulnus
875 2663 1046 2728 inflixerat.
1094 2661 1260 2749 Colligatis

206 2795 226 2836 a
255 2783 346 2858 tergo
377 2771 530 2849 manibus,
554 2772 595 2838 ad
616 2784 762 2838 sanctum
786 2774 939 2838 trahitur:
979 2785 1098 2852 sancto,
1122 2775 1262 2839 renitens

90 2927 97 2936 -
203 2880 279 2947 licet
299 2893 393 2966 atque
417 2881 599 2961 reclamans,
622 2895 840 2970 praesentatur,
856 2884 913 2948 ubi
932 2897 999 2949 tota
1017 2883 1069 2948 die
1092 2884 1263 2964 insaniens,

201 2991 369 3056 recedente
399 2991 470 3058 luce
496 2993 580 3070 solis,
604 2993 711 3059 lucem
741 2995 871 3059 rationis
898 2995 1051 3079 paulatim
1078 3017 1262 3082 recuperare

201 3104 316 3186 coepit:
354 3105 551 3189 pernoctavit
580 3105 613 3168 in
644 3103 795 3180 ecclesia3
834 3106 1019 3170 sanissimus
1047 3107 1084 3169 in
1121 3107 1259 3171 crastino

205 3212 367 3277 remeavit.

639 3460 831 3527 XXXVIII.

243 3571 294 3634 De
318 3569 464 3654 ejusdem
490 3569 573 3636 villae
598 3571 715 3636 vicinia
739 3571 907 3636 mulierem
930 3574 1135 3660 suscepimus,
1163 3595 1261 3661 quam

194 3701 260 3742 non
283 3679 389 3744 solum
412 3681 652 3766 impossibilitas
682 3683 844 3762 audiendi,
881 3683 937 3748 sed
964 3697 998 3748 et
1027 3685 1137 3768 capitis
1167 3683 1257 3748 dolor

156 3802 159 3806 ’
198 3791 440 3856 intolerabiliter
462 3793 619 3858 anxiabat.
664 3791 840 3859 Instillatur
861 3793 988 3858 auribus
1010 3795 1078 3880 ejus
1099 3794 1252 3858 obturatis

196 3902 377 3965 communis
406 3901 462 3966 illa
489 3902 712 3989 languentium
740 3903 909 3978 medicina,
938 3925 1020 3986 aqua
1048 3902 1149 3966 mixta
1178 3925 1254 3968 cum
1271 3907 1287 3934 '

193 4012 371 4098 sanguine:
403 4014 485 4077 bibit
506 4013 637 4097 insuper
656 4026 689 4077 et
712 4015 745 4077 in
766 4015 944 4078 orationem
968 4035 1002 4078 se
1022 4010 1121 4078 dedit.
1168 4010 1256 4079 Inter

521 4173 532 4228 t
545 4166 676 4219 Inuacrrs
689 4166 809 4239 -bLotis
821 4170 854 4219 A.
