3232 5166
209 597 278 657 cup.
296 572 361 654 19.]
558 593 602 637 us:
626 593 735 636 urnae.
755 573 786 637 S.
803 574 942 638 Tuosne

684 829 778 894 XIX.

249 963 409 1027 E'xulante
440 962 573 1027 domino
605 962 839 1039 Cantuariensi‚
874 963 1045 1043 Dominus,
1076 967 1132 1052 qui
1167 965 1258 1030 sedet

204 1076 346 1139 conflans
375 1087 409 1139 et
437 1097 575 1160 purgans
606 1073 688 1137 filios
718 1075 806 1153 Levi,
838 1076 889 1159 qui
920 1089 1071 1160 tanquam
1088 1098 1199 1140 aurum
1231 1078 1265 1140 in

205 1186 331 1249 fornace
354 1186 465 1271 probat
485 1185 614 1262 electos,
631 1185 686 1268 qui
703 1185 837 1271 despicit
855 1187 888 1249 in
911 1189 1203 1272 opportunitatibus
1224 1189 1257 1252 in

207 1295 411 1358 tribulatione
428 1295 533 1380 posuit
550 1295 685 1358 honores
701 1317 796 1380 super
807 1296 911 1381 capita
922 1311 1039 1374 nostra,
1052 1298 1104 1381 qui
1119 1299 1263 1383 martyris

206 1405 363 1470 exulantis
378 1427 495 1469 nomen
513 1406 755 1483 subsannarent,
771 1420 860 1470 aotus
875 1407 1144 1484 abominarentur,
1156 1407 1262 1472 detes·

206 1529 349 1580 terantur
364 1537 540 1600 personam,
561 1517 616 1598 qui
638 1515 880 1580 exardescentes
901 1518 982 1581 sicut
1003 1519 1086 1603 ignis
1109 1521 1142 1583 in
1166 1518 1268 1605 spinis

206 1627 351 1712 martyris
365 1626 643 1710 perscrutabantur
662 1626 789 1702 amicos,
809 1639 842 1688 et
862 1647 972 1689 ornnes
988 1629 1018 1690 ei
1035 1626 1180 1692 faventes
1196 1650 1264 1692 crn-

208 1735 366 1800 delissima
382 1736 662 1820 persequebantur,
679 1749 712 1799 et
733 1736 963 1800 obmutuerunt
978 1736 1125 1800 nonnulli
1142 1751 1173 1801 et
1189 1737 1264 1800 silu-

209 1860 301 1911 erunt
314 1847 444 1924 abonis,
454 1847 498 1910 ita
507 1861 543 1910 ut
552 1868 612 1910 nee
622 1846 737 1910 mutire
748 1845 878 1929 quidem
888 1859 997 1910 contra
1007 1846 1076 1912 illos
1087 1848 1261 1912 auderent:

208 1957 263 2021 sed
292 1958 350 2021 etsi
379 1957 586 2043 loquerentur
614 1970 647 2021 et
675 1957 871 2020 universitati
900 1971 1016 2022 nostrae
1046 1973 1206 2034 nocerent,
1229 1973 1261 2024 et

209 2068 330 2132 domini
364 2067 599 2132 Cantuariensis
633 2066 797 2152 negotium
831 2067 864 2128 in
901 2066 992 2130 nullo
1025 2083 1261 2152 promoverent.

211 2176 371 2261 Expulsus
391 2188 492 2238 estes
509 2188 695 2261 tempestate
723 2175 763 2238 ad
789 2176 952 2240 ecclesiam
981 2177 1264 2254 Colecestrensem,

208 2309 318 2351 eorum
332 2285 519 2371 prevalente
533 2285 660 2361 malitia,
676 2285 910 2350 cantuariensis
928 2288 1066 2354 eeclesia
1086 2289 1262 2354 monachus

213 2396 381 2473 Radulfus‚
399 2398 453 2481 qui
474 2397 561 2480 quasi
578 2396 705 2481 speciali
724 2397 860 2481 quadam
875 2397 1044 2462 dilectione
1059 2421 1115 2483 pro
1130 2400 1263 2464 domino

209 2531 266 2573 suo
288 2507 511 2572 Cantuariensi
531 2507 721 2572 aemulissuis
737 2507 911 2572 resistendo
922 2508 1062 2585 celasset,
1079 2532 1262 2594 quanquam

208 2641 268 2682 nec
287 2618 346 2682 sibi
370 2640 429 2682 nec
443 2618 535 2683 nobis
551 2639 612 2680 nee
637 2618 719 2700 patri
744 2630 851 2680 nostro
880 2615 963 2680 zelus
989 2618 1073 2681 illius
1088 2619 1264 2701 proficeret.

212 2730 277 2794 Hic
289 2750 375 2814 ergo,
387 2729 588 2813 repropitiato
603 2728 695 2791 nobis
711 2727 861 2801 Domino,
872 2748 946 2788 cum
962 2727 1263 2805 honorererocatus‚

217 2861 319 2925 quum
340 2837 459 2901 videret
475 2851 643 2923 martyrem
660 2836 730 2900 fuso
745 2858 802 2921 pro
819 2833 970 2901 Ecclesia
990 2836 1176 2901 liberatione
1199 2859 1269 2900 san·

213 2951 311 3034 guina
340 2962 604 3026 consummatum,
625 2947 811 3031 sanguinem
835 2946 1029 3011 liberationis
1045 2947 1272 3013 Ecclesiasticus

213 3061 287 3124 licet
304 3057 522 3144 permodicum
538 3057 716 3142 acquisivit,
741 3070 772 3120 et
788 3055 930 3119 ecclesiae
945 3056 1174 3121 colecestrensi
1190 3079 1270 3142 prae·

210 3169 383 3233 nominatae
397 3167 533 3250 impensi
556 3166 615 3229 sibi
638 3165 762 3228 honoris
785 3163 893 3228 debito
915 3177 948 3228 et
968 3165 1067 3227 nimio
1090 3164 1271 3230 dilectionis

213 3277 345 3353 intuitu,
359 3275 540 3339 destinavit.
586 3275 661 3338 Erat
672 3286 779 3338 autem
789 3273 885 3337 infusi
901 3273 933 3336 in
950 3273 1123 3358 ampullam
1135 3275 1268 3340 vitream
1284 3329 1303 3345 .

212 3387 329 3450 cruoris
341 3384 462 3448 tantilla
478 3385 645 3467 quantitas,
658 3396 695 3446 ut
709 3381 862 3445 circulum
878 3382 911 3445 in
927 3382 1028 3446 fundo
1043 3384 1097 3446 vix
1113 3385 1264 3448 efficeret.

215 3496 408 3560 Obturatum
422 3494 520 3577 igitur
530 3492 653 3554 cautius
663 3513 716 3554 vus
728 3490 848 3576 fragile,
861 3504 902 3568 et,
916 3513 956 3554 ne
979 3492 1059 3556 forte
1080 3494 1277 3578 cofringere-

214 3619 274 3681 tur,
285 3626 357 3668 cera
369 3603 507 3689 spissiori
519 3602 653 3666 oblitum
666 3615 698 3666 et
710 3601 879 3678 inclusum,
890 3625 909 3665 a
920 3603 995 3666 boni
1009 3605 1181 3667 testimonii
1192 3606 1269 3682 viro,

216 3715 371 3799 Magistro
388 3711 573 3775 Raimundo
583 3710 722 3774 eeclesiae
736 3724 915 3794 praetaxatae
927 3712 1032 3775 abbati
1045 3726 1277 3796 praesentatum

217 3840 275 3888 cst.
318 3822 470 3908 Ampulla
485 3824 568 3886 sicut
582 3836 648 3886 erat
665 3822 797 3906 signata,
811 3820 982 3904 diligenter
1004 3837 1147 3886 servatur
1170 3839 1277 3888 custo-

216 3935 281 4012 dia,
292 3931 572 4018 douccexpeditus
582 3931 677 3995 abbas
687 3929 877 4013 exponendo
886 3929 1086 4014 videndoque
1095 3936 1274 3998 sanctuario

215 4058 319 4130 posset
341 4041 517 4107 intendere.
564 4040 727 4105 Profertur
749 4062 803 4103 vas
825 4041 858 4103 in
881 4041 1018 4104 crastino
1041 4041 1111 4119 die;
1135 4043 1276 4111 aufertur

217 4181 309 4233 rera3
334 4152 549 4238 multiplicato
579 4174 690 4215 cruore
725 4150 864 4236 ampulla
893 4151 1074 4234 plenissima
1103 4156 1278 4240 reperitur-3
1308 4171 1323 4190 ‘
