3232 5166
202 550 267 612 cop.
285 525 352 606 sl]
537 539 581 585 rm
604 515 716 584 urnae.
735 519 767 583 S.
784 515 928 584 Tuomst.
1213 515 1253 577 73

201 696 324 760 videres
339 713 412 757 vasa
427 692 484 756 sub
501 691 654 777 propheta
668 689 786 765 inferri,
802 689 973 772 oleumque
988 684 1129 750 infusum
1144 681 1252 750 multi·

205 806 324 892 plicari
350 802 577 867 Afferebantur
591 801 677 865 enim
693 813 726 863 et
741 799 957 875 inferebantur
971 795 1111 875 iufirmi3
1135 795 1253 860 miseri·

204 916 312 982 cordia
326 913 473 998 martyris
487 912 575 998 pleni
589 910 744 975 redibant.
768 909 860 972 Tunc
870 909 972 993 primo
987 907 1125 971 maxime
1140 907 1256 972 revixit

204 1027 334 1112 spiritus
359 1035 475 1098 noster,
501 1035 532 1086 et
558 1022 646 1104 quasi
671 1020 711 1083 de
735 1019 823 1104 gravi
837 1040 949 1082 somno
973 1016 1158 1104 evigilantes
1180 1015 1256 1082 facti

206 1157 316 1200 sumus
333 1135 414 1198 sicut
428 1129 600 1197 consolati:
616 1129 733 1216 gaudio
750 1143 856 1193 tamen
880 1127 971 1192 dolor
993 1128 1192 1212 praevalebat,
1216 1150 1256 1191 eo

206 1245 291 1328 quod
311 1244 403 1328 [non]
423 1242 513 1306 licuit
528 1229 628 1316 nobis,
645 1252 681 1304 ut
700 1239 801 1316 libuit,
818 1238 1005 1302 benedicere
1020 1239 1198 1304 Dominum
1221 1238 1256 1303 in

205 1355 353 1440 operibus
368 1353 441 1429 suis,
467 1365 500 1416 et
520 1351 665 1416 confiteri
680 1350 726 1414 illi
740 1352 773 1413 in
798 1372 874 1414 voce
890 1350 1044 1414 labiorum
1060 1363 1250 1414 nostrorum.

206 1463 418 1528 Reddidimus
431 1475 538 1526 tamen
548 1482 683 1546 pensum
693 1458 851 1522 servitutis
863 1471 986 1534 nostrae,
993 1472 1147 1541 quantum
1154 1460 1256 1543 potui-

206 1602 288 1656 mus,
305 1590 467 1644 cantantes
482 1593 515 1640 et
530 1575 698 1662 psallentes
713 1577 747 1638 in
762 1573 909 1638 cordibus
924 1575 1038 1638 nostris
1050 1571 1190 1639 Domino
1203 1576 1257 1660 qui

205 1690 280 1753 facit
294 1688 451 1753 mirabilia
465 1686 559 1751 solus.
606 1687 728 1770 Magna
738 1684 827 1746 enim
843 1695 875 1747 et
889 1682 1046 1747 mirabilia
1060 1698 1151 1747 erant
1165 1684 1256 1748 valde

209 1821 281 1883 quae
315 1799 397 1861 circa
433 1796 578 1883 martyris
607 1795 655 1859 sui
696 1793 877 1879 sepulerum
906 1792 1038 1878 singulis
1068 1794 1256 1877 operabatur

209 1910 332 1974 diebus.

683 2028 805 2094 XXXI.

251 2175 397 2263 Projecta
421 2191 468 2240 est
498 2176 542 2240 ibi
558 2172 674 2239 mulier
698 2172 947 2249 Cantuariensis,
979 2171 1139 2237 Elditha*
1163 2176 1259 2239 trium

204 2288 375 2353 mulierum
387 2287 563 2352 ministerio
577 2284 688 2349 allata:
705 2303 808 2348 annus
822 2283 982 2349 secundus
990 2285 1057 2369 jam
1071 2286 1153 2350 eirca
1167 2285 1256 2350 med-

207 2399 276 2462 ium
290 2397 483 2472 volvebatur,
503 2415 543 2459 ex
567 2417 630 2479 quo
643 2393 757 2478 pedem
778 2393 844 2458 solo
860 2415 925 2457 non
950 2393 1071 2457 fixerat.
1096 2393 1181 2459 Toto
1206 2395 1260 2458 illo

207 2523 359 2594 tempore,
373 2507 455 2571 lecto
466 2505 605 2584 detenta,
616 2506 650 2568 in
661 2504 798 2591 quadam
823 2505 930 2568 mortis
948 2505 1104 2577 vivebat†
1129 2504 1259 2570 vicinia.

208 2620 249 2682 In
269 2639 355 2703 genu
371 2616 497 2680 sinistro
513 2616 559 2679 vis
568 2615 670 2679 morbi
691 2614 828 2677 maxime
847 2612 1045 2698 praevalebat,
1072 2614 1126 2696 qui
1148 2613 1263 2699 pedem

208 2728 424 2792 contractione
440 2746 606 2788 nervorum
623 2725 755 2810 privavit
770 2725 903 2788 incessu.
951 2724 1107 2808 Stupebat
1121 2745 1209 2808 genu
1219 2723 1260 2787 ad

209 2849 340 2912 tactum,
351 2837 376 2898 si
388 2835 467 2928 illud
479 2855 575 2898 manu
585 2834 764 2920 propriavel
775 2833 887 2897 leviter
898 2833 1011 2896 mulier
1020 2833 1087 2919 ipsa
1099 2835 1262 2920 continge·

207 2959 264 3011 ret.
313 2946 419 3010 Allata
433 2959 481 3009 est
492 2945 533 3010 ad
549 2960 725 3031 martyrem,
747 2958 782 3008 ut
806 2943 1024 3030 praediximus,
1040 2967 1059 3007 a
1074 2943 1262 3009 mulieribus

208 3058 307 3122 tribus
316 3058 348 3120 in
361 3057 472 3122 baculo
484 3057 614 3120 innixa:
632 3056 739 3120 dolore
752 3056 859 3119 sedato
871 3057 1030 3118 remeavit.
1061 3057 1166 3131 Genu,
1178 3055 1265 3138 quod

209 3168 250 3230 ab
268 3189 351 3230 anno
363 3166 503 3230 secundo
530 3188 590 3229 nec
616 3179 745 3251 tangere
760 3179 905 3250 potuerat
921 3187 978 3250 pro
993 3164 1111 3241 dolore,
1128 3165 1161 3228 in
1179 3167 1265 3230 testi-

210 3277 351 3340 monium
376 3277 518 3341 sanitatis
545 3275 678 3359 adeptae,
703 3275 825 3339 elevato
855 3295 963 3360 pugno
987 3273 1078 3338 nobis
1101 3297 1205 3339 eoram
1234 3277 1265 3339 vi

214 3407 330 3471 magna
346 3385 495 3462 caedebat,
510 3397 539 3449 et
555 3385 633 3448 vidit
649 3407 718 3448 earn
744 3385 880 3470 populus
896 3383 1111 3449 ambulantem
1129 3399 1161 3450 et
1176 3385 1265 3450 laud-

211 3506 317 3560 antem
347 3495 541 3560 Dominnm:
567 3508 600 3558 et
625 3494 737 3579 repleti
761 3507 836 3558 sunt
861 3508 990 3580 stupore
1015 3508 1047 3558 et
1063 3497 1161 3559 extasi
1179 3497 1211 3558 in
1228 3518 1266 3559 eo

213 3605 298 3688 quod
334 3605 510 3690 contigerat
535 3601 603 3666 illiz'
638 3625 693 3668 our
716 3617 824 3668 tamen
851 3600 962 3667 clauda
988 3605 1182 3680 remanserit,
1207 3627 1267 3668 nec

213 3714 426 3779 omnimodam
446 3725 642 3797 consequuta
658 3714 697 3776 sit
713 3715 888 3789 sanitatem,
905 3713 1062 3776 discutere
1078 3711 1264 3795 supersede-

214 3846 293 3900 mus,
321 3827 420 3888 tutius
446 3845 511 3888 esse
528 3837 692 3888 censentes
719 3823 759 3886 de
776 3823 908 3886 occultis
924 3821 987 3885 Dei
999 3821 1128 3907 judiciis
1143 3823 1270 3906 penitus

212 3947 315 3998 tacere
331 3956 427 4020 quarn
442 3933 562 4016 aliquid
578 3930 653 3996 in'de
668 3947 786 3997 temere
802 3931 951 3995 diffinire.

280 4136 294 4165 ¹*
314 4135 439 4186 Enurrrra
448 4163 483 4174 ··-
493 4133 599 4186 AEdilda
619 4135 651 4184 Α.
844 4135 858 4190 †
877 4147 989 4182 vrvsnar
1000 4159 1035 4172 -
1042 4131 1149 4201 jacebat
1167 4134 1201 4183 A.

710 4217 747 4276 ll
