3232 5166
209 548 275 608 cop.
300 525 368 607 th]
563 543 605 588 nn
628 544 743 588 uranu.
767 525 797 586 S.
820 517 957 587 Tuonn.
1085 525 1086 528 ’
1221 517 1261 578 69

208 695 377 770 Dominus,
393 693 463 757 dies
477 693 511 756 in
528 713 590 776 qua
605 706 671 757 tota
695 693 820 756 laetatur
834 704 868 755 et
887 689 1007 755 exultat
1024 687 1176 764 Ecclesia,
1195 686 1261 751 sola

210 803 443 868 cantuariensis
469 801 608 886 ejulabat
623 816 654 866 et
680 802 823 887 plorabat
843 801 877 863 iu
904 822 952 864 ea.
997 797 1158 862 Audiebat
1184 796 1263 860 filias

209 935 280 978 suas
294 912 404 998 gaudii
419 910 588 977 dulcedine
611 912 721 997 plenas
735 923 769 977 et
793 911 861 996 ipsa
885 909 1006 996 repleta
1029 908 1261 983 amaritudine3

209 1023 276 1100 sed,
291 1045 333 1086 ne
350 1021 573 1086 abundantiori
595 1023 721 1086 tristitia
743 1021 992 1098 absorberemur,
1009 1019 1074 1086 Qui
1089 1041 1143 1083 ora
1158 1030 1264 1082 nostra

211 1133 376 1208 conclusit,
391 1130 482 1196 nobis
497 1153 602 1196 eoram
617 1132 652 1195 in
667 1130 796 1196 ecclesia
811 1151 845 1194 os
856 1131 936 1192 muti
953 1130 1086 1215 aperuit,
1100 1130 1154 1213 qui
1163 1151 1264 1214 quum

211 1244 245 1306 in
260 1241 425 1307 ecclesiam
440 1254 522 1306 esset
531 1243 701 1328 ingressus,
710 1241 817 1306 statim
830 1240 958 1326 spiritus
969 1240 1168 1303 conturbavit
1178 1261 1264 1318 eum,

212 1364 244 1417 et
257 1352 397 1416 concidit
411 1351 506 1416 elisus
515 1352 550 1415 in
560 1363 686 1429 terram,
702 1364 735 1415 et
744 1350 946 1415 volutabatur
956 1371 1115 1432 spumans,
1127 1370 1265 1433 casuque

212 1461 371 1547 frequenti
384 1461 488 1538 maus,
511 1460 711 1546 multumque
726 1459 919 1546 discerptus:
948 1459 1077 1524 taudem
1103 1459 1219 1524 resedit
1234 1473 1267 1524 et

214 1591 291 1634 voce
306 1568 470 1633 articulata
487 1567 627 1652 quidem,
642 1567 700 1632 sed
714 1569 767 1633 vix
782 1567 974 1654 intelligibili
989 1580 1103 1653 potum
1118 1569 1177 1631 sibi
1193 1589 1264 1652 por·

214 1680 275 1764 rigi
290 1677 471 1765 postulavit.
516 1679 638 1743 Aberat
667 1691 744 1743 tunc
769 1675 916 1764 populus,
946 1700 985 1742 eo
1015 1677 1101 1761 quod
1117 1701 1136 1740 a
1150 1676 1266 1741 divinis

220 1799 354 1852 cessaret
383 1784 545 1850 Ecclesia:
584 1785 825 1851 multitudinem
853 1807 919 1850 non
954 1785 1044 1850 facile
1083 1807 1266 1849 numerares

223 1919 316 1981 quam
333 1897 368 1959 in
382 1907 546 1960 momento
560 1895 829 1960 rumornovitatis
851 1896 984 1959 attraxit.
1034 1893 1190 1970 Quaerunt
1209 1895 1271 1958 sin-

222 2005 290 2093 guli
305 2006 376 2090 quis
391 2005 431 2070 sit
445 2017 478 2069 et
493 2003 579 2069 unde
595 2005 789 2090 progenitus,
817 2004 894 2088 quid
909 2005 939 2068 ei
949 2005 1142 2090 contigerit?
1175 2004 1268 2070 Votis

221 2115 397 2180 satisfacere
421 2113 621 2200 singulorum
650 2113 768 2198 absque
789 2113 895 2179 labore
917 2135 983 2178 non
1007 2127 1132 2201 poterat
1143 2141 1153 2194 ς
1181 2137 1267 2194 nam,

218 2225 294 2309 quia
316 2223 548 2288 balbutientem
565 2224 699 2289 minime
714 2223 943 2310 intelligebant,
960 2225 1133 2310 cogebatur
1157 2227 1270 2311 saepius

217 2334 330 2399 iterare
353 2333 439 2419 quod
462 2332 597 2399 dixerat.
643 2333 695 2397 De
716 2334 874 2399 territorio
891 2334 1115 2402 Oxenefordiae
1139 2348 1272 2402 testatur

217 2443 399 2519 oriundum,
411 2454 484 2506 ante
499 2443 755 2526 quinquennium
769 2443 804 2506 in
818 2455 909 2529 prato
930 2445 1180 2509 obdormientem
1199 2468 1269 2531 per·

218 2553 339 2618 didisse
365 2553 544 2638 loquelam:
571 2553 776 2618 obdormiisse
802 2575 926 2628 sanum,
941 2566 1069 2619 mutum
1094 2556 1267 2640 evigilasse,

220 2663 377 2749 accepisse
393 2683 426 2725 se
442 2683 543 2748 nuper
558 2662 592 2725 in
606 2662 706 2727 visua
722 2660 846 2726 duobus
854 2661 1020 2726 reverendi
1037 2677 1182 2747 aspectus
1197 2664 1271 2726 viris

218 2770 632 2838 utCantuariamaduovum
645 2771 765 2836 Christi
772 2783 941 2858 martyrem
951 2786 1131 2858 properaret
1144 2775 1269 2858 :loque-

218 2885 283 2948 lam
298 2903 331 2946 se
351 2893 619 2966 recuperaturum,
645 2882 671 2946 si
686 2881 858 2965 postularet
872 2881 906 2945 iu
921 2882 995 2959 fide,
1011 2883 1092 2946 nihil
1103 2883 1268 2960 haesitans3

218 3013 364 3058 nonesse
390 2993 425 3054 in
449 2991 562 3054 mundi
597 2991 720 3056 ambitu
744 2991 852 3055 locum
877 2991 976 3056 alium
1000 2994 1114 3077 inquo
1137 2996 1270 3058 salntem

220 3103 312 3167 citius
321 3100 444 3186 assequi
453 3099 581 3167 valeret.
610 3102 1084 3188 Nomenejussoirevolentibus
1097 3105 1271 3168 Sansonem

221 3232 254 3275 se
267 3210 462 3274 nominabat:
476 3209 676 3275 audientium
686 3211 833 3276 nonnulli
842 3210 1035 3276 dictisfidem
1048 3212 1272 3286 adhibuerunt,

222 3318 352 3403 quidam
367 3330 476 3382 autem
491 3317 717 3384 dubitaverunt
732 3343 742 3395 ;
765 3333 799 3384 et
814 3320 957 3404 quamvis
973 3321 1076 3385 nullos
1092 3325 1271 3386 assertionis

222 3449 287 3491 suae
316 3439 411 3491 testes
438 3427 602 3505 haberent,
627 3439 695 3491 erat
721 3439 827 3492 tamen
851 3428 938 3493 unde
954 3452 1105 3516 magnum
1129 3433 1270 3495 veritatis

223 3535 418 3600 traheremus
430 3547 663 3620 argumentum.
681 3535 766 3601 Nam
778 3536 885 3602 multis
894 3539 979 3622 apud
990 3563 1048 3604 nos
1057 3557 1271 3605 commoratus

222 3645 334 3708 diebus
348 3646 383 3708 in
398 3645 501 3708 verbis
515 3645 679 3710 firmandis
693 3658 727 3710 et
741 3647 879 3732 perfecte
895 3649 1111 3734 exprimendis
1129 3651 1270 3733 quotidie

222 3754 374 3838 paulatim
400 3753 594 3839 proficiebat,
623 3778 722 3840 usque
748 3755 789 3820 ad
814 3757 988 3842 perfectum
1011 3771 1119 3821 tamen
1142 3759 1274 3822 omnino

225 3864 389 3947 pervenire
399 3884 465 3927 nou
480 3865 592 3948 potnit.
609 3865 663 3928 Ad
677 3866 789 3930 urbem
805 3867 900 3930 etiam
917 3864 1103 3930 Roffensem
1120 3867 1272 3944 misimus,

226 3972 283 4036 ubi
298 3971 483 4056 aliquandiu
494 3985 632 4051 steterat,
647 3997 707 4039 nee
720 3975 849 4060 aliquid,
865 3976 950 4060 quod
959 3977 1026 4061 ejus
1037 3976 1212 4042 infirmaret
1225 3999 1275 4042 as·

226 4093 309 4146 serta
332 4081 533 4148 invenimus:
565 4083 632 4170 ipse
661 4096 772 4169 postea
796 4083 915 4169 hospiti
943 4085 1020 4170 ejus,
1051 4084 1136 4171 apud
1175 4109 1272 4171 quero
