3232 5166
356 543 399 610 66
704 537 893 606 Baaamcu
916 556 1057 606 assuris
1303 541 1368 628 [lib.
1382 538 1409 608 Ῑ.

355 711 441 775 euire
456 722 571 774 terram
586 720 619 774 et
633 708 851 796 perambulare
872 711 983 786 solent,
1010 711 1174 776 modicum
1188 715 1307 778 cruoris
1322 717 1406 800 ejus·-

353 820 428 884 dem
451 821 484 882 in
506 819 624 906 pyxide
646 821 752 883 buxea
770 819 909 884 donavit.
955 819 1104 903 Finditur
1126 823 1217 908 pyxis
1238 824 1348 888 statim>
1367 824 1409 888 ad

356 942 537 994 contactum
556 931 733 1005 sanctuarii,
756 929 812 992 sed
835 951 876 993 ne
899 928 1115 994 effunderetur
1136 931 1170 994 in
1193 945 1320 1009 terram,
1340 955 1412 998 cera

351 1040 544 1103 subventum
559 1053 615 1104 est.
662 1039 838 1124 Regressus
853 1039 959 1123 itaque
973 1040 1159 1124 praedicator
1175 1040 1216 1104 ad
1230 1041 1405 1128 hospitium

351 1170 455 1224 suum,
471 1147 624 1235 pyxidem
639 1148 798 1232 reposuit:
823 1147 880 1212 sed
903 1169 996 1212 mane
1012 1148 1104 1227 facto,
1130 1171 1229 1232 quum
1243 1171 1313 1214 eam
1329 1174 1403 1236 ape·

352 1258 475 1336 ruisset,
492 1281 550 1322 uec
576 1259 764 1344 sanguinem
779 1278 839 1322 nec
854 1257 1026 1342 vestigium
1050 1259 1217 1344 sauguinis
1232 1260 1266 1323 in
1281 1282 1320 1324 ea
1334 1283 1405 1346 rep-

351 1369 442 1452 perit,
460 1389 558 1452 quum
578 1389 684 1453 neque
699 1390 770 1432 cera
792 1367 884 1431 illum
899 1367 1023 1432 effundi
1048 1369 1236 1452 permiserit,
1252 1391 1312 1433 nee
1327 1371 1407 1434 buxi

350 1478 467 1542 duritia
488 1477 539 1540 vel
560 1477 701 1542 soliditas
725 1479 819 1542 ebibi
856 1476 945 1552 Quid
967 1499 1042 1542 vero
1071 1500 1173 1544 causae
1194 1479 1291 1544 fuerit
1314 1481 1401 1563 quod

350 1586 545 1671 praedicatori
556 1587 703 1651 beneficii
712 1600 800 1653 tanta
813 1589 915 1674 gratia
929 1601 1012 1652 esset
1023 1589 1192 1667 subtracta,
1208 1589 1403 1676 quampluri-

350 1696 411 1760 bus
426 1695 561 1760 venitin
584 1696 739 1761 dubium:
784 1696 946 1762 nonnullis
972 1709 1079 1762 tamen
1095 1699 1164 1783 ejus
1190 1700 1405 1763 intentionem

350 1805 520 1891 cupiditati
532 1806 703 1872 obnoxiam
718 1807 791 1870 satis
802 1806 1006 1892 probabiliter
1016 1807 1145 1891 verique
1166 1808 1310 1874 similiter
1329 1830 1404 1874 eon-

347 1915 544 1998 jicientibus.
609 1924 612 1932 ’

820 2129 936 2200 XXII.

395 2241 526 2309 Invenit
539 2243 626 2307 idem
641 2245 689 2306 vir
700 2245 832 2309 Domini
846 2245 905 2308 viri
920 2245 1067 2310 honorati
1091 2245 1223 2312 -Radulfi
1232 2245 1272 2312 de
1288 2245 1405 2334 Byrnis

354 2353 453 2418 filiam
468 2364 683 2438 aegrotantem,
699 2364 731 2417 et
745 2353 935 2438 praevalente
962 2355 1160 2440 aegritudine,
1177 2379 1239 2422 usu
1262 2357 1403 2443 singulo·

348 2488 421 2532 rum
447 2485 597 2530 sensuum
620 2464 815 2530 destitutam.
863 2467 962 2532 Quasi
984 2467 1174 2532 insensibilis
1194 2471 1315 2555 jacens,
1345 2468 1402 2534 de-

349 2577 549 2665 sperantibus
577 2576 618 2640 de
638 2599 677 2640 ea
702 2576 886 2662 parentibus
912 2600 978 2642 non
1007 2579 1068 2642 nisi
1090 2579 1196 2645 luctus
1233 2581 1399 2645 materiam

347 2688 565 2754 ministrabat:
589 2699 623 2751 at
645 2687 699 2751 ille
722 2688 868 2774 martyris
889 2689 989 2754 nostri
1011 2689 1143 2775 pallium
1165 2691 1281 2768 attulit,
1303 2691 1400 2778 pallio

347 2799 489 2884 puellam
500 2797 641 2862 involvit.
682 2796 922 2862 Excubantibus
936 2801 1100 2866 circaeam
1115 2802 1171 2888 qui
1186 2802 1216 2865 ei
1232 2802 1272 2866 ad
1287 2815 1392 2866 custo·

346 2910 433 2973 diam
442 2909 569 2972 fuerant
583 2891 738 2993 deputati,
754 2921 787 2971 et
799 2909 861 2973 Dei
876 2911 1122 2976 misericordiam
1134 2913 1398 2997 praestolantibus,

348 3020 445 3105 coepit
458 3017 613 3104 paulatim
631 3019 870 3103 recuperatione
895 3023 1054 3104 sensuumff
1069 3021 1156 3106 pallii
1171 3023 1285 3086 sentire
1300 3023 1399 3085 virtu·

347 3142 424 3192 tem.
472 3125 562 3202 Quid
584 3127 687 3190 verbis
706 3149 786 3211 opus
807 3131 878 3194 est?
900 3131 986 3195 venit
1008 3131 1042 3193 in
1064 3132 1201 3196 erastino
1224 3132 1397 3217 presbyter,

347 3248 384 3300 ut
393 3235 534 3300 visitaret
545 3235 718 3314 infirmam,
733 3238 815 3302 etin
830 3239 962 3304 sanitate
973 3241 1129 3304 firmatam
1147 3243 1320 3326 coaevisque
1339 3239 1404 3303 suis

308 3419 309 3422 Ἴ
344 3343 561 3409 colludentem
577 3345 707 3409 invenit.

815 3562 950 3630 XXIII.

391 3669 627 3739 Etheldrithsm
639 3674 808 3758 quandam,
821 3674 1003 3740 Cantuariae
1015 3674 1187 3762 degentem
1202 3677 1258 3743 sed
1269 3674 1398 3745 aliunde

349 3784 500 3868 genitam,
513 3783 609 3869 paulo
624 3784 730 3847 minus
752 3805 836 3848 anno
858 3796 1017 3868 quartanae
1032 3801 1283 3854 coarctaverant:
1306 3790 1402 3854 morti

346 3913 418 3956 cam
430 3913 496 3956 esse
506 3892 642 3956 vicinam
653 3891 781 3958 ooerulei
796 3892 908 3958 coloris
934 3907 966 3958 et
977 3896 1226 3962 ceraesimillima
1237 3898 1332 3962 facies
1345 3901 1394 3962 in·

346 4005 481 4069 dicabat.
503 4005 643 4070 Veniens
653 4027 729 4092 ergo
737 4003 1136 4073 admonacbummausolei
1147 4009 1312 4075 custodem
1321 4032 1401 4074 mar-

346 4115 425 4199 tyris
437 4136 578 4180 errrorem
588 4137 621 4180 se
637 4116 737 4202 potari
749 4119 900 4202 poposcit.
912 4118 1045 4183 Miscuit
1054 4119 1084 4182 ei
1093 4121 1277 4200 monachus,
1291 4132 1328 4183 ut
1343 4141 1402 4184 cae-
