3232 5166
350 420 393 480 42
701 415 891 482 Brunmerr
912 430 1058 478 nnrnrrs
1290 410 1358 495 [lib.
1375 405 1403 472 1.

345 586 524 662 efficaciter,
537 585 632 670 erepit
641 584 798 650 discutere
811 583 888 668 quid
899 583 1018 648 resista
1026 580 1239 669 portenderet.
1286 579 1402 645 Consi-

346 697 496 762 dentibus
519 697 550 760 in
569 698 705 761 erastino
722 695 910 780 quibusdam
926 717 1000 758 cum
1012 717 1061 771 eo,
1077 707 1110 757 et
1125 714 1221 779 super
1232 691 1400 756 eventibus

345 829 453 872 rerum
474 806 567 870 variis
592 806 770 871 adinvicem
792 805 1037 881 conferentibus,
1060 803 1196 869 eontulit
1218 817 1251 867 et
1273 806 1341 887 ipse
1364 801 1400 864 iu

347 916 544 980 audientiam
565 929 754 980 cunctorum
774 914 974 979 involuerum
991 936 1095 993 suurn,
1107 921 1145 978 ut
1168 912 1249 976 illud
1272 910 1399 975 evolve·

345 1040 437 1092 rent:
460 1026 544 1091 oculi
557 1041 663 1092 autem
673 1048 782 1091 eorum
796 1025 1007 1100 tenebantur†
1017 1048 1058 1090 ne
1075 1024 1154 1089 illud
1170 1022 1396 1108 intelligerent,

346 1159 386 1202 eo
396 1136 481 1220 quod
491 1136 530 1200 de
542 1149 643 1202 morte
653 1136 751 1200 nostri
765 1136 846 1200 Abel
856 1135 936 1200 nibil
946 1134 1090 1200 adbuein
1100 1132 1306 1220 partibusillis
1315 1144 1397 1196 esset

347 1246 501 1311 auditum.
548 1246 591 1311 Et
605 1245 723 1311 laetum
738 1260 796 1322 est,
811 1245 891 1310 dum
906 1244 1114 1320 ambularent,
1130 1244 1355 1319 fabularentur,
1368 1255 1402 1306 et

347 1379 456 1422 seeum
471 1369 656 1440 quererent,
673 1355 814 1421 introivit
829 1356 883 1439 qni
899 1355 1065 1419 dominum
1087 1353 1350 1419 Cantuariensem
1365 1353 1399 1415 in

347 1465 479 1531 eeclesia
490 1488 548 1530 sua
556 1466 640 1532 ferro
650 1465 843 1530 trucidatum
853 1480 1013 1530 assereret.
1041 1466 1178 1530 Attoniti
1188 1478 1305 1540 autem,
1318 1477 1350 1527 et
1359 1462 1401 1526 ad

347 1576 439 1641 illum
452 1576 505 1661 qui
522 1579 680 1641 somnium
702 1577 886 1642 recitaverat
909 1575 1061 1652 conversi,
1079 1575 1271 1639 “Proiecto”
1294 1573 1403 1659 inqui·

348 1692 408 1750 unt
420 1692 440 1723 ‘⁴
448 1685 517 1750 haec
532 1699 580 1750 est
594 1708 656 1750 vox
672 1685 809 1750 clamosa
820 1706 916 1770 quam
929 1683 1076 1759 audiisti3
1100 1684 1174 1768 quia
1183 1683 1293 1766 procul
1302 1682 1400 1747 dubio

349 1795 534 1877 clamabatss
566 1797 693 1880 sanguis
721 1795 773 1859 bie
802 1795 955 1858 innocens
981 1794 1022 1858 ad
1038 1796 1142 1859 Deum
1159 1795 1192 1858 iu
1217 1792 1401 1858 fortitudine

349 1907 497 1993 magna.”
540 1905 776 1970 Testimonium
791 1926 868 1989 ergo
885 1904 1093 1990 perhibebant
1116 1927 1237 1982 omnes,
1254 1905 1329 1989 quia
1349 1926 1402 1968 ve·

350 2037 421 2080 rum
437 2021 518 2080 esset
541 2015 702 2078 somnium
717 2028 750 2078 et
770 2015 1023 2100 interpretatioll
1038 2017 1125 2101 ejus3
1149 2029 1181 2080 et
1196 2015 1313 2080 seimus
1328 2013 1403 2098 quia

350 2145 460 2187 rerum
485 2137 532 2189 est
551 2125 770 2189 testimonium
792 2146 912 2188 eorum.
957 2126 989 2190 A
1010 2125 1165 2211 sanguine
1188 2133 1298 2190 autem
1319 2122 1404 2190 Abel

351 2253 451 2316 usque
468 2232 508 2296 ad
522 2233 711 2319 sanguinem
726 2234 806 2318 justi
820 2233 925 2319 bujun,
950 2233 1004 2318 qui
1027 2233 1147 2298 effusus
1161 2248 1210 2298 est
1229 2235 1263 2298 in
1282 2232 1403 2319 templo

352 2343 425 2420 Dei,
440 2366 503 2408 nou
520 2357 568 2407 est
583 2343 709 2408 auditus
724 2353 842 2410 clamor
856 2344 967 2408 similis
981 2346 1015 2407 in
1029 2343 1229 2420 Bethlehem,
1245 2359 1278 2408 et
1292 2345 1326 2408 in
1336 2367 1406 2408 orn-

351 2453 446 2516 nibus
459 2452 575 2517 linibus
590 2454 667 2539 ejus,
680 2453 735 2538 qui
747 2475 858 2516 omues
870 2454 980 2516 mundi
994 2454 1126 2540 angulos
1137 2468 1200 2518 tarn
1213 2469 1344 2540 repente
1355 2477 1405 2518 re-

351 2562 494 2650 pleverit.
543 2563 641 2639 Quod
656 2578 763 2628 autem
779 2564 813 2626 in
825 2586 953 2627 omnem
966 2577 1078 2628 terram
1090 2566 1134 2628 sic
1145 2566 1287 2629 exiturus
1296 2565 1407 2629 luisset

351 2697 448 2738 sonus
457 2674 552 2751 illius,
562 2689 595 2739 et
605 2673 646 2738 ‹le
657 2674 757 2760 gloria
766 2674 835 2759 ejus
850 2687 1013 2738 narrarent
1028 2697 1139 2740 omnes
1148 2689 1268 2761 gentes,
1279 2676 1406 2742 cuidam

352 2783 387 2847 in
397 2784 516 2848 somnis
525 2785 763 2868 praefiguratum
778 2794 835 2859 est,
851 2795 884 2847 et
899 2782 1067 2848 manifeste
1082 2784 1157 2848 satis
1172 2784 1370 2870 praedietum.

877 2989 938 3056 IV.

417 3123 590 3210 Perpaucis
625 3147 762 3211 namque
785 3125 824 3191 ab
859 3148 973 3192 occasu
1007 3125 1106 3190 nostri
1143 3127 1218 3192 solis
1251 3127 1409 3204 noctibus,

355 3235 462 3317 potius
477 3256 573 3318 quarn
584 3234 698 3299 diebus
713 3235 856 3312 evolutis,
872 3258 973 3319 puero
988 3235 1168 3301 innocentis
1183 3237 1288 3301 adhuc
1308 3238 1408 3302 aetatis

356 3357 390 3406 et
404 3366 422 3407 a
436 3344 595 3408 mendacii
607 3345 787 3432 suspicione
799 3347 873 3410 satis
885 3345 994 3423 libero,
1007 3346 1123 3412 diversi
1132 3371 1227 3413 sexus
1242 3363 1274 3413 et
1289 3347 1411 3413 ordinis

355 3452 529 3518 multitudo
551 3457 585 3518 in
606 3455 738 3519 chorum
757 3457 993 3521 cantuariensis
1012 3458 1153 3524 ecclesiae
1174 3459 1240 3524 visa
1266 3473 1314 3523 est
1337 3481 1413 3523 con·

356 3563 498 3628 venisse:
515 3564 666 3629 videbant
680 3579 788 3630 autem
803 3580 976 3653 martyrem
991 3569 1109 3655 absque
1124 3569 1203 3633 flatu
1212 3569 1299 3634 vitali
1314 3591 1411 3656 super

357 3673 454 3739 altare
472 3673 592 3740 Christi
608 3689 694 3740 veste
709 3675 882 3741 holoserica
895 3677 1055 3756 indutum,
1068 3693 1101 3743 et
1125 3680 1185 3744 sub
1202 3680 1307 3766 capite
1329 3679 1415 3744 illius

394 3925 410 3984 †
429 3921 764 3976 tenebantur—interiores
777 3923 937 3977 tenebantur
948 3923 983 3975 A.

399 4019 412 4076 1
433 4014 706 4071 clamabat-elamat
726 4014 760 4068 A.
921 4016 1182 4089 llinterpretatio—
1206 4022 1370 4092 computatio
1388 4021 1423 4076 A.
