3232 5166
345 535 388 598 56
709 530 894 596 Bsnsmcrr
910 549 1054 594 nssnrrs
1291 531 1353 614 [lib.
1370 527 1397 593 1.

340 707 409 790 ejus
431 705 574 790 gloriam,
600 728 665 769 non
688 705 815 770 delere:
849 705 970 770 elevata
985 712 1031 768 est
1046 705 1134 768 enim
1159 703 1395 789 magnificentia

341 821 410 905 ejus
425 842 519 902 super
533 820 639 896 coelos,
655 833 688 884 et
703 843 798 904 super
813 841 940 884 omnem
958 832 1072 883 terram
1088 819 1189 904 gloria
1204 841 1271 882 sua.
1299 817 1396 880 Unde

339 947 373 994 et
388 953 455 1000 nos.
466 953 564 1014 quum
580 930 709 996 obedire
726 945 870 1016 oporteat
886 933 956 995 Deo
973 931 1073 1016 magis
1089 953 1184 1014 quam
1201 929 1394 1004 bominibus,

338 1063 402 1103 non
419 1064 584 1126 possumus
600 1065 671 1126 quae
686 1043 822 1106 vidimus
833 1055 865 1106 et
881 1041 1029 1105 audimus
1045 1064 1109 1105 non
1125 1041 1223 1125 loqui.

821 1264 914 1328 XIV.

381 1394 461 1460 Noti
485 1397 592 1480 itaque
615 1398 754 1461 nominis
776 1411 809 1461 et
832 1420 956 1483 magnae
979 1420 1053 1482 erga
1075 1395 1206 1460 beatum
1233 1395 1390 1459 Thomam

335 1505 512 1569 devotionis
527 1507 665 1571 vidimus
690 1508 824 1571 militem
843 1507 883 1572 de
902 1507 1086 1583 Hoilandia,
1109 1507 1240 1570 nomine
1258 1505 1391 1590 Stepha-

335 1637 424 1694 num,
442 1638 535 1699 quem
552 1618 644 1680 annis
659 1618 765 1680 minus
781 1641 844 1680 non
858 1617 987 1704 triginta
1002 1617 1196 1680 daemonium
1213 1617 1246 1679 in
1262 1617 1391 1690 somnis,

336 1725 557 1808 persingulas
586 1741 696 1790 noctes
718 1728 902 1812 fatigaverat
914 1754 923 1805 ;
943 1729 992 1790 ita
1013 1740 1049 1790 ut
1071 1727 1122 1790 vel
1151 1748 1320 1812 oppressus
1341 1724 1391 1788 vel

335 1834 515 1910 sniibcatus,
536 1835 597 1898 nisi
609 1836 704 1899 citius
722 1837 922 1914 excitaretur,
941 1835 1103 1899 deficeret.
1149 1836 1290 1899 Clamare
1314 1855 1391 1897 con-

333 1959 478 2006 sueverat
496 1944 529 2006 in
559 1945 678 2007 somnis
690 1967 868 2029 oppressus,
880 1957 912 2008 et
923 1945 1095 2008 servientes
1105 1966 1177 2007 snos
1187 1943 1321 2029 propriis
1337 1965 1389 2024 ap·

333 2052 480 2136 pellando
495 2053 680 2118 nominibus
694 2067 730 2117 ut
745 2055 804 2118 sibi
816 2067 1035 2118 succurrerent
1050 2055 1228 2138 impetrare.
1248 2051 1388 2116 Excitati

333 2160 380 2224 illi
402 2161 452 2224 vel
482 2163 578 2225 etiam
601 2163 684 2226 circa
705 2187 780 2226 eum
804 2187 843 2227 ex
872 2165 940 2248 ejus
971 2176 1129 2248 praecepto
1156 2183 1388 2244 nonnunquam

334 2271 528 2334 excubantes
544 2270 733 2336 clamantem
743 2273 852 2336 durius
865 2273 1088 2347 excutiebant3
1115 2273 1279 2358 erigebant
1289 2292 1389 2354 quan·

333 2379 437 2463 doque
449 2380 493 2443 ita
507 2393 544 2444 ut
554 2381 679 2445 sederet
693 2382 743 2445 vel
755 2395 851 2445 staret
862 2395 985 2446 erectus
998 2406 1006 2457 ;
1030 2382 1219 2466 loquebatur
1234 2383 1273 2444 iis
1288 2403 1380 2465 saepe·

331 2512 465 2553 numero
480 2491 525 2553 ita
539 2503 576 2553 ut
591 2491 624 2553 in
640 2491 775 2576 pedibus
797 2492 1000 2569 consistebat,
1024 2513 1139 2575 rogans
1154 2503 1192 2553 ut
1205 2489 1315 2553 saltem
1332 2511 1389 2574 per

333 2593 462 2684 capillos
499 2599 602 2662 acrius
640 2621 806 2662 excussum
843 2599 1028 2662 excitarent.
1076 2601 1116 2662 In
1163 2611 1251 2662 tauta
1288 2599 1387 2682 igitur

332 2711 477 2795 angustia
511 2711 640 2794 triginta
669 2709 790 2772 circiter
819 2709 1001 2792 expleverat
1031 2731 1140 2783 annos,
1171 2723 1209 2772 ut
1238 2708 1387 2771 omnibus

332 2820 579 2904 possessionibus
594 2821 658 2882 suis
674 2818 780 2882 mallet
795 2821 977 2883 renuntiare
990 2841 1085 2904 quam
1101 2818 1181 2882 adeo
1196 2818 1387 2882 intolerabili

330 2928 495 3012 phantasia
524 2929 640 2992 vexari.
687 2927 800 2992 Multis
813 2929 963 3012 loquutus
980 2929 1121 3008 medicis,
1146 2943 1179 2992 et
1206 2928 1313 2992 multis
1333 2950 1388 2992 eos

331 3037 516 3101 muneribus
554 3037 709 3122 amplians
746 3049 779 3100 et
815 3037 1020 3122 amplioribus
1057 3037 1265 3121 suspendens,
1303 3036 1385 3099 nihil

330 3147 462 3210 omnino
492 3146 631 3230 profecit.
689 3147 876 3210 Dicentibus
907 3159 1013 3210 tamen
1054 3146 1231 3232 ephyallem
1275 3145 1384 3208 adesse

332 3255 416 3340 quod
432 3257 545 3341 vulgus
559 3256 752 3320 incubonem
773 3257 880 3320 Latini
900 3278 1117 3343 oppressorem
1134 3256 1306 3342 appellant,
1316 3257 1382 3341 ipse

328 3382 435 3431 autem
458 3379 640 3430 constanter
661 3366 695 3429 id
718 3388 785 3430 esse
815 3366 1008 3431 daemonium
1031 3368 1197 3430 asserebat.
1243 3365 1382 3430 Vivebat

330 3477 435 3540 adhuc
464 3475 614 3539 dominus
644 3489 751 3539 noster
782 3475 1018 3540 Cantuariensis
1047 3493 1161 3562 praeter
1191 3497 1318 3541 carnem
1348 3477 1382 3539 in

328 3606 432 3659 carne,
448 3596 480 3646 et
495 3584 534 3646 ab
549 3582 645 3647 exilio
655 3585 724 3668 jam
749 3599 920 3661 revocatus,
944 3587 976 3648 in
1002 3586 1230 3672 patriarchatus
1244 3587 1291 3649 sui
1308 3585 1382 3650 sede

328 3693 508 3757 certaminis
537 3693 586 3755 sui
616 3693 759 3755 bravium
795 3694 993 3778 expectabat.
1042 3694 1152 3768 Quum
1188 3718 1265 3779 ergo
1291 3695 1382 3760 miles

328 3815 402 3866 ante
438 3802 561 3865 domiui
591 3801 734 3886 ejusdem
771 3803 947 3884 passionem
979 3803 1149 3886 aliqnando
1176 3804 1380 3868 obdormiens

325 3911 418 3975 solita
432 3909 587 3974 laboraret
603 3912 736 3986 miseria,
752 3912 835 3974 visus
856 3925 904 3975 est
925 3913 985 3975 sibi
1008 3914 1185 3976 Dominum
1201 3935 1258 3998 per
1272 3915 1380 3998 singu-

325 4020 428 4084 lorum
456 4021 570 4088 merita
597 4034 789 4096 sanctorum,
820 4043 956 4106 quorum
988 4022 1019 4086 ei
1054 4023 1185 4086 nomina
1214 4045 1379 4088 occurrere
