3232 5166
249 548 315 612 cap.
336 526 400 611 ta]
429 495 432 502 Ι
580 543 623 586 ns
647 542 759 588 ursae.
779 521 809 588 S.
829 519 972 591 Teroua.
1257 523 1296 585 57

247 710 425 786 potuerant,
449 693 603 782 adjurare,
617 709 652 762 ut
669 694 728 760 sibi
739 695 847 784 fugato
862 692 1020 760 daemonio
1037 692 1154 780 quietis
1175 691 1299 779 impen-

248 809 336 874 deret
348 807 538 874 beneficium
552 831 560 869 ι
584 805 727 891 nihilque
738 805 915 890 proficiens
928 826 1012 884 casu,
1028 802 1080 868 vel
1095 805 1200 891 potius
1215 817 1299 868 nutu

249 937 281 988 et
291 923 444 987 instinctu
457 921 577 986 Divino
588 921 723 1008 subjecit
743 920 918 995 “Domine,
931 941 988 1003 pro
1002 941 1108 984 amore
1126 920 1296 1006 archiepis·

244 1038 316 1122 copi
341 1037 588 1113 cantuariensis,
612 1035 667 1120 qui
689 1057 747 1122 pro
777 1049 808 1100 te
838 1049 872 1100 et
893 1034 1035 1100 ecclesia
1060 1048 1123 1100 tuae
1149 1034 1294 1100 libertate

247 1147 396 1225 exulavit,
422 1147 521 1212 libera
543 1147 644 1211 mcl”
673 1145 774 1211 Nullo
795 1161 947 1231 sequente
976 1146 1138 1232 petitionis
1169 1146 1296 1222 ellectu,

245 1261 422 1347 recogitans
444 1257 531 1343 quod
555 1257 680 1322 multi*
698 1257 1006 1343 archiepiscoporum
1021 1256 1296 1323 Cantuariensium

243 1370 365 1435 eadem.
378 1369 418 1434 de
438 1391 532 1433 causa
550 1368 679 1453 relegati
700 1367 842 1444 fuissent,
858 1367 1014 1454 adjunxit,
1033 1377 1053 1408 ·‘
1063 1369 1212 1446 Domine,
1238 1393 1295 1454 pro

245 1507 351 1550 amore
366 1485 592 1570 archiepiscopi
609 1484 771 1560 Thomoe,”
786 1483 842 1548 sed
858 1507 917 1548 nec
932 1485 977 1548 sic
997 1483 1152 1550 redeunte
1175 1487 1294 1570 quiete,

245 1597 395 1660 estimans
414 1594 520 1680 plures
538 1591 719 1658 Cautuariae
742 1591 887 1658 dominos
902 1595 1046 1678 ejusdem
1062 1596 1199 1660 nominis
1214 1599 1295 1662 exti-

244 1707 328 1782 tisse,
347 1720 383 1769 ut
395 1706 425 1769 ei
438 1707 489 1769 cui
505 1702 584 1768 nihil
600 1717 704 1791 potest
723 1726 790 1768 esse
803 1704 988 1789 ambiguum
1003 1727 1132 1769 omnem
1148 1707 1292 1795 ambigo.

242 1817 353 1882 itatem
371 1815 564 1891 excluderet,
588 1822 608 1852 ‘⁶
619 1810 763 1892 Thomoe,
778 1814 796 1844 ‘’
807 1813 921 1899 iuquit,
939 1821 959 1852 “
977 1814 1031 1897 qui
1047 1828 1147 1900 prote
1164 1815 1294 1882 ultimus

242 1925 429 1991 exulavitl’'
455 1926 561 1991 statim
585 1937 803 2001 evanescente,
829 1924 884 2008 qui
909 1947 983 1988 euru
1013 1926 1156 2007 vexabat,
1181 1926 1320 1994 morbos

242 2036 392 2102 liberatus
406 2050 463 2100 est.

285 2148 357 2212 Alia
373 2169 499 2232 quoque
514 2160 618 2224 nocte,
635 2145 748 2212 eodem
764 2146 909 2213 laborans
925 2149 1137 2226 incommodo,
1147 2151 1293 2239 ejusdem

239 2259 379 2323 nominis
393 2259 591 2323 invocatione
607 2258 713 2322 statim
729 2281 761 2322 se
777 2257 898 2324 laetatur
921 2274 1077 2347 ereptum.
1125 2262 1201 2328 Post
1221 2286 1292 2351 pas·

238 2369 361 2432 sionem
378 2391 451 2432 vero
478 2366 595 2447 Sancti,
620 2391 728 2453 quum,
745 2370 853 2435 audito
869 2371 939 2456 ejus
955 2373 1098 2448 transitu,
1114 2374 1170 2456 qui
1185 2375 1292 2439 statim

241 2477 373 2564 replerit
386 2479 493 2544 orbem
506 2494 670 2556 terrarum,
681 2501 738 2566 pro
750 2503 788 2544 eo
800 2480 950 2544 celebrari
961 2481 1083 2546 fecisset
1097 2487 1116 2554 †
1129 2485 1290 2568 exequias,

239 2591 393 2654 inflictam
402 2591 462 2655 sibi
476 2613 494 2654 a
509 2591 644 2675 pueritia
655 2612 781 2677 poeuam
796 2591 923 2675 penitus
935 2592 1041 2655 evasit.
1089 2595 1246 2679 Apparuit
1256 2597 1284 2660 ei

240 2713 346 2764 tamen
366 2700 471 2785 aliqua
494 2702 561 2764 vice
583 2699 669 2764 velut
690 2702 765 2764 nani
785 2715 943 2788 assumpta
969 2703 1073 2786 specie
1097 2702 1282 2790 preadictum

236 2807 442 2884 daemonium,
458 2823 490 2872 et
507 2810 594 2893 quasi
625 2831 752 2874 accessu
769 2832 893 2894 prorsus
912 2812 941 2874 ei
959 2811 1118 2899 deuegato
1128 2815 1290 2899 jacentem

238 2916 366 3003 alonge
382 2917 513 3002 girabat,
530 2920 574 2981 ita
590 2932 624 2981 ut
645 2919 674 2981 ei
692 2917 781 2983 utiles
800 2920 962 2986 insultaret
983 2937 1015 2986 et
1032 2923 1151 2988 diceret
1168 2925 1291 2992 “Beati

238 3027 384 3113 martyris
399 3028 533 3092 Thomae
559 3029 678 3093 tueritis
700 3031 846 3107 confisus,
869 3054 934 3095 uon
958 3047 988 3096 te
1013 3033 1168 3098 formido:
1193 3036 1291 3121 ipsius

237 3156 288 3200 me
310 3139 409 3222 gratia
425 3153 577 3224 proteget,
609 3154 640 3203 et
662 3163 680 3204 a
701 3156 855 3225 potestate
880 3155 934 3204 tua
956 3143 1114 3228 recipiet.”
1159 3145 1212 3209 Ab
1235 3145 1290 3210 illa

238 3246 315 3310 hora
330 3262 362 3311 et
377 3247 537 3334 deinceps,
555 3250 641 3314 nulla
663 3251 819 3335 ejusmodi
836 3253 998 3336 phantasia
1015 3253 1147 3319 militem
1164 3257 1290 3341 iuquie-

235 3358 320 3422 tavit.
367 3357 558 3444 Interposito
581 3383 656 3448 ergo
676 3364 825 3449 temporis
846 3363 1020 3440 intervallo,
1043 3388 1142 3450 quum
1165 3383 1288 3440 certam

237 3489 301 3530 suae
329 3467 523 3533 liberationis
554 3470 682 3536 haberet
705 3474 941 3558 experientiam,
973 3477 1072 3540 sancti
1103 3481 1285 3546 memoriani·

234 3576 330 3660 pedes
360 3579 458 3657 adiit;
492 3579 595 3644 cordis
617 3582 684 3666 ejus
708 3583 918 3648 huruilitatem
943 3585 1068 3652 habitus
1088 3588 1289 3676 despicabilis

1031 3757 1288 3776 ..ν’-,Μ

276 3851 291 3881 ’
311 3851 417 3905 Several
446 3851 617 3926 archbisbops
641 3857 672 3910 of
687 3857 852 3931 Cantcrbury
871 3858 939 3915 lvere
963 3864 1050 3918 exiled
1073 3881 1107 3917 on
1131 3876 1243 3920 account
1265 3869 1296 3923 ot⁴

237 3943 308 3996 their
321 3943 439 4018 disputes
452 3947 515 4001 with
529 3948 574 4002 tbe
587 3948 667 4020 lsiug;
686 3951 731 4004 tbe
745 3964 813 4006 most
822 3954 972 4010 celebrated
981 3958 1012 4011 ol
1020 3957 1093 4012 these
1106 3978 1158 4014 was
1169 3962 1289 4029 Auseltn,

235 4036 295 4099 who
308 4053 362 4090 was
378 4039 475 4112 always
488 4051 514 4093 at
528 4043 648 4098 variante
663 4046 729 4099 witb
739 4046 855 4100 William
871 4049 964 4104 Rufus.

268 4135 282 4192 †
304 4149 592 4190 rucrssur--rscrr
607 4138 638 4192 A.

754 4213 773 4275 i)
