3232 5166
327 470 367 530 70
673 462 860 524 Bsrvsnmrr
882 477 1025 522 secaris
1267 455 1332 534 [lib.
1348 450 1373 516 Ι.

324 654 389 695 non
402 630 510 714 paucis
522 629 633 692 diebus
645 641 855 692 commoratus
864 629 976 703 fuerat,
986 626 1136 708 loquutus
1145 646 1225 689 sum.
1252 622 1370 686 Aiebat

326 763 358 804 se
371 763 505 826 puerum
524 739 637 826 saepius
654 740 834 814 inebriasse,
856 759 1019 822 nunquam
1040 750 1146 800 tamen
1169 735 1209 797 ab
1220 732 1376 796 inebriato

324 849 374 914 vel
385 871 483 913 unum
494 849 625 912 verbum
637 861 822 932 extorquere
832 849 980 933 potuisse,
994 869 1092 930 quum
1104 848 1143 910 sit
1152 866 1263 908 verum
1272 855 1375 910 vetus*

326 981 387 1040 que
408 957 620 1042 proverbium,
642 957 728 1040 quod
749 979 804 1042 per
826 978 941 1042 pueros
963 969 995 1018 et
1015 954 1118 1018 ebrios
1138 953 1236 1018 soleat
1262 952 1377 1015 veritas

325 1067 516 1150 extorqueri.
560 1067 815 1132 Exclamavimus
835 1065 933 1150 igitur
956 1077 988 1128 et
1013 1086 1071 1128 nos
1092 1063 1188 1127 simul
1202 1084 1276 1126 cum
1304 1061 1374 1126 aliis

321 1176 470 1252 ecclesiis,
482 1176 557 1240 licet
568 1176 664 1240 modo
676 1197 832 1261 causaque
841 1175 993 1251 dissimili,
1004 1181 1025 1212 “
1035 1175 1115 1238 Haec
1130 1184 1179 1237 est
1190 1172 1258 1237 dies
1274 1194 1371 1257 quam

326 1283 401 1353 feeit
417 1284 585 1362 Dominus,
601 1283 778 1348 exultemus
794 1297 826 1350 et
840 1284 983 1352 laetemur
997 1283 1030 1346 in
1043 1304 1080 1346 ea
1092 1281 1099 1352 l
1109 1283 1124 1311 '⁹

696 1443 844 1508 XXVII.

371 1582 493 1646 Eodem
520 1584 617 1647 etiam
650 1582 831 1650 Dominicae
858 1583 1111 1648 Resurrectionis
1134 1581 1197 1659 die,
1223 1582 1372 1646 servienti

329 1692 457 1757 cuidam
485 1695 720 1761 Cautuariensis
751 1694 902 1759 Ecclesiae
926 1695 1028 1758 filium
1057 1716 1151 1758 suum
1180 1693 1371 1758 morientem

327 1815 445 1888 martyr
459 1805 616 1867 revocavit
631 1803 672 1869 ad
687 1803 793 1868 vitam.
812 1803 977 1868 Godefridi
992 1826 1130 1888 namque
1145 1803 1269 1888 pistoris
1284 1801 1368 1868 lilius

332 1911 538 1976 Geldevvinus
553 1925 690 1997 quatuor
704 1925 737 1976 et
752 1935 790 1975 eo
806 1913 940 1997 amplius
951 1914 1111 1977 mensibus
1119 1912 1270 1997 languore
1285 1913 1375 1996 gravi

324 2021 427 2084 fuerat
436 2034 627 2085 attenuatus.
654 2020 694 2084 In
704 2023 853 2084 extremis
865 2044 904 2084 ex
914 2022 974 2086 hoc
986 2045 1079 2106 agere
1092 2021 1287 2098 credebatur,
1294 2021 1380 2104 quod

325 2131 426 2194 tribus
435 2130 547 2194 diebus
559 2128 755 2211 totidemque
771 2131 916 2194 noctibus
931 2131 1046 2214 absque
1067 2132 1138 2194 cibo
1153 2143 1186 2194 et
1207 2143 1295 2216 potu,
1311 2130 1378 2194 sine

326 2261 402 2302 voce
420 2251 452 2302 et
466 2260 570 2313 sensu,
586 2237 674 2300 velut
700 2238 889 2302 insensibilis
907 2240 1067 2322 jacuisset.
1114 2237 1273 2303 Reversus
1293 2252 1381 2325 pater

327 2349 395 2431 ejus
416 2347 455 2410 ab
483 2346 616 2410 ecclesia
630 2358 701 2431 post
715 2361 896 2431 perceptam
920 2347 1158 2426 Eucharistiam,
1174 2349 1381 2434 panniculum

332 2457 488 2542 sanguine
516 2457 661 2540 martyris
694 2455 850 2520 infectum
880 2458 1076 2540 acquisierat.
1130 2459 1281 2530 Consedit
1310 2472 1381 2524 ante

273 2600 294 2624 s
324 2567 509 2652 puerulum:
525 2566 732 2652 panniculum
741 2568 775 2630 in
782 2590 865 2652 aqua
872 2567 1143 2654 lotumexpressit,
1155 2592 1271 2655 aquam
1281 2570 1381 2654 ipsam

326 2676 454 2740 infirmo
465 2688 675 2760 porrecturus,
687 2677 786 2740 immo
801 2699 907 2745 revera
924 2679 957 2741 in
970 2701 1005 2741 os
1022 2678 1183 2743 morientis
1198 2679 1380 2764 injecturus

326 2792 470 2855 mirabile
480 2792 575 2869 dictu,
592 2806 681 2876 patre
697 2815 754 2856 suo
764 2809 893 2879 propter
907 2817 939 2857 se
954 2793 1148 2870 considente,
1166 2795 1264 2876 quasi,
1280 2795 1380 2856 immo

327 2927 361 2969 re
383 2927 455 2969 vera
470 2907 639 2970 sanctuarii
660 2909 822 2992 praesentis
844 2910 958 2972 virtute
974 2918 1147 2984 revocatus,
1163 2927 1202 2970 ex
1217 2906 1375 2991 insperato

330 3015 465 3080 alterum
506 3016 671 3080 oculorum
715 3021 848 3102 aperuit,
878 3018 1023 3103 patrique
1052 3039 1120 3093 suc,
1161 3039 1227 3080 non
1267 3038 1381 3101 parum

319 3124 507 3201 admiranti,
531 3124 688 3210 loquutus
714 3141 762 3190 est
786 3125 989 3210 “Numquid
1014 3128 1082 3201 hoc,
1098 3139 1197 3211 pater,
1223 3126 1382 3190 bibiturus

325 3234 443 3297 sum?'’
470 3249 714 3321 porrectumque
727 3237 785 3300 sibi
796 3251 908 3320 potum
917 3237 1057 3309 ebibens,
1070 3258 1142 3299 mox
1152 3237 1294 3318 apposito
1306 3236 1377 3298 cibo

329 3343 476 3425 gustavit,
487 3353 519 3404 et
531 3342 643 3424 quinto
657 3343 705 3406 vel
721 3358 812 3407 sexto
827 3344 889 3420 die,
901 3358 1045 3428 reparato
1061 3344 1177 3427 vigore,
1188 3343 1300 3406 coaevis
1311 3341 1382 3408 lud-

332 3450 459 3514 entibus
474 3451 633 3515 colludere
646 3453 730 3516 visus
757 3467 814 3516 est.

770 3609 941 3674 XXVIII.

375 3743 476 3808 Erant
500 3758 613 3828 praeter
637 3745 723 3808 huuc
748 3745 815 3809 viro
841 3744 947 3809 eidem
970 3744 1029 3808 filii
1049 3744 1122 3821 duo,
1147 3765 1283 3828 quorum
1303 3745 1383 3810 alter

333 3854 519 3918 tantundem
528 3854 1384 3939 temporis,alterintervallobreviori,vifebriumluerat

333 3963 522 4028 debilitatus.
568 3963 690 4028 Videas
705 3977 814 4030 autem
823 3966 899 4052 quia
908 3965 1077 4030 sanctuarii
1088 3965 1186 4030 virtus
1197 3966 1301 4051 primo
1311 3986 1383 4049 per-

331 4070 413 4136 secte
429 4073 569 4137 cessisset
581 4072 620 4138 ad
637 4074 825 4157 profectum,
841 4075 978 4142 divisum
993 4076 1201 4161 panniculum
1216 4076 1380 4159 utriusque
