3232 5166
217 553 282 615 cop.
300 530 366 615 th]
547 552 596 596 ns
613 551 725 596 urano.
745 531 777 599 S.
794 531 936 598 Treoua.
1229 535 1270 596 65

215 701 395 786 portaverit,
411 713 444 766 et
467 723 561 788 quam
579 701 905 790 conquerendam
922 701 1047 766 ferienti
1068 698 1195 765 satelliti
1209 719 1266 786 pro

217 813 343 877 Christo
354 826 450 897 caput
461 812 645 876 obtulerit*
670 812 818 899 ,Singulas
828 813 923 877 etiam
934 813 969 876 in
979 813 1121 896 passione
1132 810 1267 874 circum·

215 924 347 988 stantiae
362 924 538 998 conferens,
554 922 625 986 luce
641 921 754 987 clarius
769 923 931 1008 prospexit
941 921 1049 986 omnia
1063 920 1104 985 ad
1119 919 1265 1004 martyris

215 1035 348 1120 gloriam
371 1054 558 1098 concurrere
580 1048 614 1098 et
634 1033 761 1118 titulum
781 1033 910 1118 gloriosi
928 1033 997 1117 ejus
1017 1031 1160 1117 martyrii
1178 1051 1266 1096 com·

214 1144 386 1222 mendare;
408 1156 441 1206 et
455 1142 496 1206 de
516 1142 675 1227 praeterito
691 1142 819 1206 trahens
833 1155 1020 1228 argumenta
1034 1141 1143 1219 futuri,
1159 1140 1265 1226 posuit

217 1255 250 1318 in
268 1253 363 1318 corde
378 1275 435 1318 suo
450 1252 530 1318 nibil
547 1275 615 1318 esse
630 1253 854 1338 impossibilius
869 1275 965 1340 quam
987 1252 1074 1336 quod
1089 1273 1155 1317 non
1171 1251 1264 1316 citius

215 1366 389 1430 manifestis
429 1364 657 1450 glorificaretur
690 1365 859 1430 miraculis.
915 1364 1012 1430 Unde
1050 1379 1084 1429 et
1117 1363 1264 1448 reliquias

214 1476 359 1562 ejusdem
375 1475 520 1562 martyris
535 1475 570 1538 in
585 1475 674 1540 brevi
686 1477 838 1559 pretiosas
852 1476 973 1540 futuras
990 1496 1057 1540 esse
1073 1474 1260 1561 conjiciens,

141 1603 147 1620 “
213 1590 253 1654 iis
274 1586 475 1671 acquirendis
497 1597 582 1650 totus
604 1584 759 1661 incubuit,
782 1607 834 1662 ne,
849 1586 875 1648 si
894 1583 1116 1650 miraculorum
1136 1598 1262 1670 tempus

213 1709 405 1784 expectaret,
421 1694 604 1779 acquirendi
621 1695 745 1779 copiam
766 1696 836 1780 ipsa
846 1695 1070 1760 miraculorum
1091 1695 1183 1778 copia
1202 1694 1263 1759 sibi

212 1810 394 1894 denegaret.
440 1806 643 1872 Desiderium
674 1806 778 1870 cordis
806 1809 876 1892 ejus
905 1807 1015 1872 tribuit
1029 1785 1078 1881 ¹ei
1096 1807 1260 1872 Dominus

210 1942 271 1984 nec
286 1933 333 1984 est
347 1918 510 1982 fraudatus
528 1939 547 1980 a
562 1915 718 1980 desiderio
733 1939 798 1981 suo.
844 1917 981 1981 Pallium
997 1940 1137 2004 namque
1160 1918 1262 1982 sancti

211 2031 366 2117 martyris,
383 2030 415 2092 in
439 2050 503 2112 quo
524 2027 743 2113 martyrizatus
762 2041 819 2104 est,
840 2049 896 2112 pro
915 2029 1021 2092 anima
1044 2029 1113 2112 ejus
1136 2027 1259 2104 datum,

210 2141 255 2206 ita
290 2154 328 2204 ut
355 2140 458 2204 suerat
486 2149 690 2202 cruentatum
713 2136 825 2202 venale
858 2138 1023 2201 inveniens
1057 2139 1259 2222 comparavit,

207 2267 240 2318 et
249 2251 290 2316 de
305 2272 415 2315 eruore
424 2248 548 2334 liquido
557 2246 729 2332 ampullam
738 2247 863 2332 plenam
874 2249 1048 2332 acquisivit
1089 2248 1180 2314 Alius
1203 2270 1258 2314 eu-

209 2377 274 2428 tem
286 2363 458 2448 presbyter,
474 2358 616 2445 ejusdem
631 2359 806 2446 presbyteri
821 2360 991 2436 familiaris,
1001 2382 1103 2447 quum
1122 2360 1184 2424 hoc
1203 2383 1259 2426 au·

208 2476 326 2551 diisset,
351 2487 388 2538 ut
410 2472 472 2536 sibi
491 2471 681 2557 sanguinem
697 2473 852 2559 impertiri
867 2474 1052 2558 dignaretur
1066 2475 1259 2558 impetravit.

206 2584 265 2649 Ille
287 2585 385 2670 igitur
406 2581 578 2668 postulanti
599 2595 723 2666 partem
746 2581 877 2646 daturus
899 2580 1045 2646 videndae
1075 2582 1259 2665 quantitatis

206 2695 385 2760 intentione
410 2693 443 2755 in
457 2714 509 2756 vas
532 2690 689 2756 mundum
719 2690 876 2775 liquidum
900 2713 1045 2758 cruorem
1069 2691 1258 2772 transfudit;

208 2803 295 2889 quod
307 2805 341 2866 in
357 2801 499 2888 ampullae
513 2801 614 2867 fundo
629 2801 754 2888 pulveri
768 2801 946 2866 admixtum
960 2802 1092 2879 invenit,
1109 2801 1142 2866 iu
1157 2824 1260 2866 sacra·

205 2913 402 2980 riumaltan‘s
417 2913 568 2997 projecit;
585 2934 747 2996 quumque
763 2910 897 2995 plurima
911 2912 1030 2976 cruoris
1046 2925 1134 2997 parte
1150 2929 1257 2996 postu-

205 3023 285 3088 lanti
295 3033 445 3108 separata,
456 3021 490 3085 iu
500 3020 672 3107 ampullam
683 3021 847 3085 residuum
857 3020 1034 3097 refudisset,
1045 3036 1182 3107 augente
1196 3022 1257 3088 Illo

207 3133 394 3218 sanguinem
417 3133 474 3218 qui
496 3131 601 3196 viduae
622 3132 681 3196 sub
704 3131 860 3217 propheta
888 3131 1111 3215 multiplicavit
1139 3132 1256 3210 oleum,

206 3244 386 3328 ampullam,
404 3256 440 3308 ut
455 3244 543 3329 prius
557 3243 713 3320 extiterat,
731 3243 853 3306 invenit
867 3241 1041 3327 impletam.

681 3469 779 3534 XXI.

249 3604 341 3670 Idem
356 3606 403 3670 vir
417 3604 604 3670 venerabilis
619 3605 857 3669 sermocinatori
869 3605 994 3670 cuidam
1012 3626 1051 3669 ex
1067 3605 1116 3668 bis
1130 3607 1186 3692 qui
1198 3607 1258 3670 oir-

238 3801 254 3831 ‘
273 3800 395 3852 Becket's
408 3799 477 3852 exile
494 3798 579 3852 lasted
597 3799 666 3852 from
686 3801 754 3850 1064
768 3805 795 3850 to
815 3799 892 3850 1170.
906 3797 950 3849 He
967 3797 1063 3867 passed
1084 3807 1144 3866 part
1161 3799 1192 3850 of
1200 3799 1258 3850 that

203 3898 268 3952 time
289 3908 318 3953 at
340 3897 483 3968 Pontigny,
503 3898 558 3952 and
576 3898 621 3952 the
640 3906 696 3952 rest
715 3906 743 3949 at
764 3897 891 3950 Soissons.
920 3896 977 3948 The
995 3897 1060 3964 king
1079 3897 1110 3947 oi
1124 3897 1258 3966 langland,

203 3993 320 4064 enraged
332 4001 360 4046 at
372 3993 417 4046 the
435 3993 613 4062 pertinacious
631 3991 783 4063 opposition
800 3990 886 4044 which
902 3989 947 4044 the
964 3990 1125 4060 arebbishop
1139 3991 1216 4043 made
1229 4000 1257 4043 to

186 4071 244 4139 ‘his
264 4087 367 4152 wishes,
387 4087 441 4139 end
462 4087 489 4139 in
510 4086 587 4138 order
608 4094 635 4138 to
655 4085 745 4155 grieve
766 4084 874 4148 Becket,
895 4084 977 4136 drove
997 4085 1053 4136 into
1076 4085 1143 4137 exile
1162 4085 1197 4138 all
1218 4085 1259 4137 his

200 4181 353 4239 immediate
365 4181 466 4233 friends
479 4181 531 4234 arrd
544 4180 677 4244 relations,
691 4179 791 4230 several
804 4179 939 4231 hundreda
952 4180 977 4231 in
991 4179 1110 4234 number.

713 4254 750 4309 10
