3232 5166
706 543 895 606 Bansnrcm
920 559 1060 606 nonanis
1282 545 1346 628 [lab.
1364 543 1393 608 I.

838 829 879 894 V.

381 939 502 1004 Eadem
520 942 705 1027 septimana,
722 963 784 1026 qua
803 955 921 1027 martyr
936 939 977 1004 ad
991 952 1134 1005 octavam
1155 935 1287 1014 transiit,
1303 955 1393 1000 mon·

340 1050 419 1115 acho
431 1051 565 1118 ¹cuidam
589 1053 620 1116 in
644 1053 788 1118 coenobio
800 1052 946 1116 Lewensi
961 1052 1054 1114 frater
1069 1049 1177 1114 multis
1191 1060 1265 1113 ante
1280 1047 1394 1111 diebus

338 1160 507 1225 defunctus
537 1162 694 1248 apparuit.
740 1165 782 1226 At
798 1161 858 1240 ille,
876 1174 1040 1224 mortuum
1055 1181 1122 1223 esse
1137 1159 1280 1223 recolens
1296 1179 1393 1242 quem

339 1271 475 1348 videbat,
491 1273 575 1336 inter
589 1271 650 1336 alin
665 1272 765 1336 multa
787 1295 858 1357 quae
885 1272 925 1336 ab
947 1294 986 1336 eo
1008 1269 1223 1356 interrogavit,
1239 1270 1335 1332 etiarn
1351 1267 1394 1332 de

339 1380 461 1445 domini
471 1383 706 1446 Cantuariensis
715 1396 798 1446 statu
807 1404 910 1467 nuper
919 1381 1074 1446 interfecti
1084 1377 1394 1465 diligenterinquisi-

338 1492 394 1570 vit,
425 1493 456 1556 in
489 1493 580 1578 eujus
608 1492 735 1556 laudem
759 1507 792 1556 et
815 1492 945 1575 gloriam
966 1492 1019 1555 ille
1040 1492 1094 1575 qui
1118 1490 1271 1566 adstabat,
1295 1489 1392 1574 pluri·

339 1627 392 1668 ma
407 1602 573 1680 disserens,
597 1613 633 1667 ut
655 1603 756 1667 multa
775 1603 913 1667 breviter
935 1603 1091 1678 dicantur,
1113 1601 1146 1664 in
1166 1601 1227 1664 hoc
1247 1621 1392 1664 sermone

339 1712 459 1790 clausit,
480 1714 593 1800 quiaa
624 1715 715 1778 beata
744 1713 865 1800 virgine
895 1712 999 1778 Maria
1026 1713 1204 1796 sanctisque
1233 1709 1392 1796 apostolis,

339 1845 464 1888 necnon
484 1837 516 1887 et
532 1823 721 1906 quibusdam
736 1843 911 1908 martyrum
928 1836 961 1887 et
980 1822 1194 1886 confessorum
1217 1821 1392 1906 virginum-

341 1953 402 2018 que
417 1946 490 1997 ante
508 1933 658 1997 thronum
672 1933 826 2018 grandem
842 1953 973 1997 aureum
988 1933 1028 1996 sit
1048 1939 1252 2018 praesentatus
1273 1930 1394 1994 haben·

341 2057 406 2107 tem
427 2043 531 2106 valvas
545 2042 624 2106 duas
640 2065 710 2126 quae
725 2041 955 2106 claudebantur
969 2055 1002 2105 et
1016 2041 1257 2127 aperiebantur3
1281 2039 1394 2103 exiisse

341 2166 448 2216 autem
474 2151 513 2215 de
533 2152 647 2216 throno
667 2152 843 2234 speciosum
864 2152 965 2215 forma
982 2173 1048 2237 prae
1062 2149 1135 2213 filiis
1156 2149 1332 2222 hominum,
1352 2147 1393 2218 de

341 2265 432 2348 cujus
446 2279 614 2347 conspectu
630 2262 694 2326 solo
709 2261 855 2325 fidelium
866 2263 979 2326 animae
988 2261 1209 2326 beatificantur
1224 2273 1257 2324 et
1271 2260 1393 2336 vivunt,

341 2387 374 2438 et
384 2374 513 2438 beatum
527 2371 682 2436 'fhomam
699 2372 915 2456 amplexatum
930 2371 1036 2449 fuisse,
1053 2384 1085 2436 et
1100 2369 1210 2435 osculo
1223 2371 1253 2434 ei
1270 2391 1393 2456 porrec-

343 2501 385 2560 to,
410 2482 667 2548 benedictionem
697 2505 787 2547 suam
817 2483 863 2547 illi
886 2483 1067 2560 contulisse,
1097 2497 1296 2568 assumptum
1318 2503 1394 2544 vero

341 2608 451 2682 postea
473 2608 642 2683 martyrem
667 2618 685 2659 a
703 2595 818 2659 sanctis
842 2607 875 2658 et
890 2617 964 2658 cum
979 2594 1127 2680 apostolis
1141 2592 1393 2657 reverentissime

342 2708 548 2773 collocatum:
572 2707 741 2772 admiranti
757 2721 863 2770 autem
883 2706 936 2790 qui
952 2706 1013 2770 hoc
1029 2705 1184 2780 audiebat,
1201 2724 1392 2788 causamque

342 2819 419 2882 scire
442 2817 645 2895 desideranti,
669 2839 764 2901 quare
792 2817 912 2881 caeteris
934 2832 1055 2903 martyr
1076 2817 1267 2902 martyribus
1289 2814 1395 2898 digni·

342 2950 431 2994 orem
468 2927 576 2991 sedem
614 2928 654 2991 sit
689 2942 886 3020 assequutus,
922 2927 1123 3011 maximeque
1164 2933 1396 3012 protomartyre

346 3038 519 3125 Stephano,
542 3050 714 3120 sanctoque
734 3035 908 3101 Laurentio
928 3046 1026 3123 atque
1045 3035 1228 3110 Vincentio,
1242 3034 1395 3120 dignioris

344 3173 419 3214 eum
434 3150 528 3213 fuisse
543 3149 658 3235 gradus
678 3160 711 3212 et
725 3147 846 3213 ordinis
861 3169 1046 3232 responsum
1057 3161 1113 3224 est,
1127 3146 1253 3210 illorum
1268 3167 1395 3229 quoque
1465 3155 1466 3158 ’

344 3259 484 3346 singulos
521 3258 680 3345 singulare
718 3259 824 3321 iniisse
865 3272 1036 3334 certamen,
1067 3270 1099 3320 et
1130 3256 1242 3342 capitis
1276 3255 1396 3342 proprii

346 3391 472 3435 causam
486 3371 602 3456 egisse:
627 3368 812 3434 occubuisse
824 3391 897 3432 vero
907 3367 1073 3432 dominum
1085 3367 1344 3432 cantuariensem
1362 3365 1395 3429 in

346 3505 439 3546 causa
451 3480 619 3546 universali
631 3485 649 3563 ‡
662 3507 669 3544 ι
685 3480 762 3544 alios
772 3493 921 3565 praeterea
933 3492 1085 3564 martyres
1096 3478 1135 3540 ab
1147 3475 1292 3554 alienisll
1301 3476 1396 3540 fuisse

346 3593 475 3670 occisos,
491 3591 578 3656 hunc
593 3613 667 3654 vero
679 3613 697 3654 a
710 3589 782 3654 filiis
797 3589 930 3674 propriis
943 3602 1156 3674 peremptum.
1192 3585 1273 3651 Haec
1289 3599 1397 3649 tamen

347 3706 465 3790 absque
477 3721 657 3768 sanctorum
666 3715 840 3789 martyrum
851 3699 988 3762 dixerim
998 3698 1123 3783 injuria,
1134 3717 1233 3779 quum
1244 3695 1340 3758 luerit
1348 3696 1399 3758 in-

348 3813 663 3880 tentiomeavisionis
672 3833 828 3875 summam
838 3807 1023 3895 simpliciter
1032 3807 1137 3893 potius
1146 3826 1291 3869 enarrare
1302 3827 1398 3889 quam

345 3938 1396 3968 ..-....-—-----------—-—---

386 4013 784 4080 1uu1vansnnr-universalis
801 4010 919 4065 ecclesiae
936 4012 969 4062 A.

385 4112 449 4173 lar
461 4127 634 4164 seranta—a
650 4107 793 4178 gentilibus
810 4107 842 4157 Α.
