3232 5166
225 481 290 608 cap.
307 525 374 608 dt]
556 545 598 586 ns
624 542 736 587 urano.
755 524 785 588 S.
804 524 947 588 'sunna

700 763 793 828 XLI.

266 871 355 948 Quid
379 893 453 938 vero
482 895 585 939 causae
609 874 705 938 fuerit
730 874 818 962 quod
843 873 1001 938 exauditis
1027 873 1149 937 cacteris
1178 872 1273 957 hujus

219 983 415 1048 curationem
433 983 595 1069 repulerit,
616 985 682 1068 ipse
708 986 797 1049 novit
820 985 875 1068 qui
900 985 1007 1048 etalii
1030 983 1156 1047 cuidam
1178 1005 1272 1058 caeco,

217 1093 360 1158 similiter
368 1115 462 1180 super
473 1095 616 1158 tumbam
627 1095 812 1178 quiescenti,
823 1094 958 1159 similem
970 1094 1133 1158 mandavit
1144 1109 1272 1158 senten-

219 1204 307 1280 tiam,
323 1225 513 1290 causamque
528 1206 693 1270 sententiae
708 1228 771 1270 non
789 1206 961 1270 abscondit.
1008 1206 1166 1290 Apparuit
1184 1206 1272 1269 enim

220 1314 391 1378 dormienti
415 1315 547 1402 quidam
571 1328 605 1380 et
630 1317 683 1392 ait,
707 1315 827 1382 “Quid
848 1315 900 1381 hic
919 1317 1030 1402 jaces?
1060 1315 1191 1380 mandat
1214 1315 1273 1380 tibi

222 1423 475 1510 archiepiscopus
485 1425 559 1508 quia
573 1426 740 1490 sanitatem
749 1426 882 1490 minime
897 1427 1116 1510 consequeris;
1140 1428 1274 1490 salutem

220 1534 278 1598 tibi
311 1548 481 1620 peccatum
514 1535 636 1613 adimit,
669 1549 839 1621 antequam
871 1537 1042 1600 nascereris
1072 1534 1277 1599 admissum.''

217 1643 288 1709 Nec
311 1645 386 1711 ideo
400 1646 558 1712 credimus
573 1659 712 1732 portasse
728 1646 830 1712 lilium
845 1646 1076 1732 iniquitatemq
1092 1658 1269 1732 parentum,

217 1755 274 1820 sed
288 1757 393 1840 potius
407 1756 542 1822 voluisse
557 1759 734 1824 Dominum
754 1757 912 1844 flagellare
933 1770 1080 1843 parentes
1094 1758 1128 1821 in
1143 1755 1217 1833 filio,
1233 1770 1270 1820 ut

219 1868 378 1953 corporale
394 1868 449 1934 filii
461 1869 722 1935 detrimentum*
738 1868 922 1955 parentibus
936 1870 1024 1932 fieret
1040 1868 1181 1934 moeroris
1197 1890 1271 1954 sup-

217 1978 358 2062 plicium.
382 1981 459 2044 Post
468 2002 587 2067 paucos
596 1981 702 2064 itaque
715 1979 783 2044 dies
793 1980 832 2044 ab
845 1979 904 2044 hac
913 1977 984 2044 luce
996 2000 1076 2063 puer
1090 1977 1142 2042 ille
1151 1980 1270 2064 migra·

216 2092 271 2157 vit.
315 2091 428 2156 Fateor
448 2093 574 2176 utrique
585 2113 684 2178 puero
695 2091 868 2178 plurimum
881 2089 1122 2156 condoluimus:
1154 2091 1269 2154 utrius-

218 2223 280 2285 que
309 2223 368 2266 nos
390 2202 588 2267 contristavit
618 2202 733 2266 sanitas
762 2201 898 2286 repulsa,
924 2200 980 2266 sed
1010 2200 1180 2267 laetificavit
1209 2223 1269 2268 nos

212 2329 332 2400 martyr
346 2313 380 2376 in
395 2312 471 2378 aliis.

692 2509 786 2574 XLII

258 2641 311 2706 De
328 2643 441 2726 quibus
452 2644 555 2728 primo
569 2643 741 2708 dicendum
758 2643 893 2708 occurrit
909 2642 987 2726 quid
1003 2642 1124 2728 Agneti
1139 2640 1266 2706 cuidam

219 2752 444 2816 Cantuariensi
480 2775 561 2837 aqna
595 2755 697 2819 sancti
727 2752 861 2818 Thomae
890 2752 1150 2818 contulerit-sic
1179 2752 1267 2815 enim

215 2883 286 2926 eam
295 2861 491 2928 circumfusae
500 2864 636 2950 regionis
648 2862 785 2951 populus
797 2862 946 2949 appellat,
957 2871 978 2900 “
990 2884 1103 2946 aquam
1116 2858 1266 2926 videlicet

211 2973 312 3038 sancti
335 2973 498 3051 Thomae,”
524 2973 575 3039 vel
599 2984 744 3060 “aquam
771 2974 1064 3040 Cantuariensem,”
1111 2971 1265 3058 Ejusdem

212 3085 320 3170 itaque
349 3083 490 3150 mulieris
518 3085 633 3151 faciem
661 3086 752 3150 dolor
786 3083 1010 3171 incastigabilis
1041 3094 1265 3166 occupaverat:

213 3193 471 3262 dehonestaverat
487 3210 593 3260 tumor
608 3195 785 3260 horribilis:
810 3217 845 3260 os
860 3196 928 3280 ejus
943 3194 976 3257 in
992 3194 1121 3258 alteram
1142 3203 1264 3277 partem

210 3313 390 3368 contortum
406 3318 527 3370 naturae
541 3305 763 3390 degenerantis
774 3305 908 3368 formam
920 3303 1112 3388 praeferebat.
1160 3299 1264 3388 Copia

208 3413 399 3499 phlegmatis
424 3415 541 3478 abore
568 3413 667 3500 ipsius
697 3426 762 3476 tam
791 3413 983 3478 incessanter
1012 3435 1105 3497 quam
1136 3412 1262 3499 copiose

210 3526 337 3590 fluentis
351 3547 417 3589 non
432 3525 601 3589 minimum
614 3525 644 3589 ei
657 3525 724 3590 sine
742 3523 805 3590 ullo
818 3525 951 3588 tumoris
965 3524 1016 3587 vel
1030 3524 1148 3588 doloris
1162 3545 1262 3587 reme·

209 3635 262 3699 dio
277 3633 431 3719 pudorem
444 3633 559 3699 attulit.
606 3633 814 3721 Computruit
826 3633 955 3698 tandem
967 3634 1063 3698 facies
1073 3633 1216 3709 interius,
1229 3645 1262 3696 et

207 3745 289 3809 facta
300 3757 348 3810 est
363 3745 477 3809 mulier
487 3743 626 3809 debilis*
647 3745 699 3808 cui
709 3745 789 3810 lactc
802 3767 881 3831 opus
893 3757 974 3809 esset
985 3765 1049 3807 non
1060 3742 1161 3806 solido
1172 3741 1263 3806 cibo.

208 3852 324 3939 Neque
340 3854 427 3918 enim
442 3854 549 3918 cibum
567 3875 692 3917 sumere
716 3865 849 3938 poterat,
870 3853 926 3916 sed
946 3849 1181 3915 sorbitiunculis
1200 3849 1261 3914 sibi

237 4039 249 4096 ς
272 4040 641 4102 comnmissis-peccatum
655 4031 697 4084 vel
712 4031 878 4099 iniquitatem
893 4032 926 4083 Α.

239 4130 253 4159 “
276 4133 679 4180 sarantasmum-tormentum
694 4126 726 4177 A.
952 4127 966 4184 's
985 4137 1180 4174 nestris-om.
1194 4122 1226 4172 Α.
