3232 5166
623 1597 808 1701 VITA

265 1949 449 2022 SANCTI
504 1946 709 2020 THOMAE
764 1941 1186 2015 CANTUARIENSIS.

562 2247 810 2313 resonemus.
851 2249 878 2311 l.

245 2486 384 2560 Qualiter
403 2486 510 2548 milites
525 2485 568 2546 od
581 2485 840 2568 arehiepiscopum
856 2493 1047 2545 accesserunt
1058 2493 1086 2545 et
1100 2505 1164 2548 eum
1186 2505 1255 2548 con·

197 2605 371 2682 restiterunt.¹

238 2707 299 2772 Die
315 2706 412 2792 igitur
422 2704 534 2769 natalis
546 2703 678 2767 Domini
693 2701 814 2785 quinto,
831 2700 962 2766 sedente
978 2703 1199 2786 archipraesule
1217 2704 1252 2769 in

196 2817 335 2883 thalamo
361 2839 419 2880 suo
442 2817 526 2880 cirea
551 2814 660 2878 boram
686 2811 750 2875 diei
778 2811 989 2887 undecimam,
1015 2813 1252 2879 considentibus

195 2929 270 2992 hinc
294 2939 326 2992 et
351 2926 427 2990 inde
442 2925 564 2990 clericis
583 2940 616 2988 et
640 2921 804 2987 monachis
823 2921 995 3000 nonnullis,
1010 2923 1049 2988 de
1063 2926 1199 3010 negotiis
1222 2938 1255 2990 et

195 3036 383 3101 utilitatibus
411 3057 485 3100 cum
515 3033 751 3118 archiepiscopo
782 3033 960 3117 agentibus,
991 3057 1066 3098 eece
1101 3035 1252 3100 satellites

198 3159 332 3232 quatuor
344 3145 575 3231 praenorninati,
586 3165 658 3208 curn
674 3159 760 3228 patre
772 3166 829 3206 sno
845 3143 984 3207 Sathena
999 3169 1015 3208 a
1031 3146 1109 3207 lucie
1123 3147 1255 3210 Domini

198 3257 325 3340 egressi,
342 3255 516 3319 thalamum
532 3251 760 3339 archipraesulis
775 3252 908 3337 ingressi
925 3260 1009 3316 sunt.
1057 3251 1200 3331 salutati,
1218 3269 1254 3319 nt

197 3366 296 3430 moris
320 3381 376 3441 est,
393 3388 411 3429 a
430 3364 590 3430 nonnullis
605 3365 638 3427 in
665 3363 797 3428 introitu
815 3361 1065 3439 considentibus,
1077 3364 1253 3430 resalutatis

195 3478 241 3542 eis
252 3478 395 3542 sedvoce
414 3477 576 3555 submissa,
593 3475 743 3560 usquead
761 3474 1029 3560 archiepiscopum
1046 3478 1251 3560 progrediun-

195 3602 258 3653 tur.
303 3586 346 3651 Et
370 3586 569 3652 considentes
581 3601 654 3650 ante
670 3584 766 3671 pedes
791 3586 860 3670 ejus
883 3586 915 3648 in
942 3602 1033 3662 terra,
1062 3587 1164 3670 ipsum
1191 3611 1251 3652 nec

196 3721 254 3764 suo
270 3721 329 3762 nec
345 3700 427 3784 regis
443 3699 571 3762 nomine
587 3696 769 3774 salutantes,
788 3710 896 3782 utpote
913 3719 931 3761 a
947 3698 1060 3781 quibus
1076 3698 1170 3783 longe
1186 3716 1269 3768 erat.

196 3808 289 3886 salue,
306 3831 390 3874 mors
406 3823 439 3874 et
461 3809 596 3895 perditio
612 3830 720 3894 prope,
738 3830 895 3871 venenum
918 3807 1074 3892 aspidum,
1091 3811 1178 3895 quod
1194 3812 1253 3876 sub

196 3918 286 3984 labiis
301 3920 462 4005 gerebant,
478 3933 514 3983 ut
530 3935 638 4003 postea
649 3918 855 4003 impetuosius
870 3927 1050 4002 erumperet
1062 3943 1117 4004 per
1133 3943 1253 3988 moram

198 4033 428 4117 aliquantulam
440 4047 695 4120 compresserunt
705 4032 840 4109 silentio,
853 4033 1112 4099 innocentissimo
1128 4036 1255 4102 Christo
1327 4055 1333 4070 ·

198 4143 331 4208 Domini
348 4145 555 4208 nihilominus
572 4158 705 4209 tacente.

241 4255 352 4320 Quum
363 4255 406 4320 ita
416 4254 476 4318 sub
485 4253 621 4330 silentio,
636 4276 699 4317 non
712 4257 778 4319 sine
791 4255 1023 4320 considentium
1034 4255 1253 4339 admiratione,

199 4363 361 4429 modicum
374 4365 523 4450 temporis
535 4363 734 4429 intervallum
745 4365 946 4442 attrivissent,
960 4365 1157 4453 Reginaldus
1170 4369 1254 4434 lilius

202 4469 287 4550 Ursi,
301 4487 408 4536 mente
421 4474 526 4558 potins
541 4474 666 4537 ursinus
681 4496 775 4557 qnam
788 4496 915 4560 genere,
926 4475 970 4540 sic
981 4492 1123 4540 sanctum
1141 4477 1256 4542 aliatus

202 4595 272 4645 est:
299 4581 363 4645 “A
389 4581 521 4647 domino
536 4597 643 4648 nostro
658 4604 732 4668 rege
748 4582 788 4648 de
817 4584 956 4670 partibus
972 4586 1187 4650 transmarinis
1213 4587 1254 4651 ad

206 4701 236 4754 te
259 4689 381 4769 directi,
409 4691 495 4778 regia
514 4692 571 4757 tibi
598 4691 747 4759 mandata
773 4693 955 4760 deferimus.
984 4695 1140 4760 Volumus
1158 4696 1255 4783 igitur
