3232 5166
199 559 268 620 cup.
291 532 353 615 ld]
536 549 580 592 nn
603 546 719 590 urnac.
738 521 770 587 S.
787 521 930 586 Tuoua.
1214 509 1256 575 59

202 705 338 790 “Aperi
364 725 399 766 os
435 715 526 766 tuum
557 714 589 764 et
618 697 816 783 refrigerium
846 693 903 757 tibi
944 689 1103 754 conferam
1134 687 1258 750 domini

201 814 440 880 Cantuariensis
455 811 560 898 pallio,
577 833 640 894 quo
656 807 808 894 passionis
817 829 883 870 suae
894 805 971 867 hora
981 803 1040 867 fuit
1056 800 1216 876 indutus,”
1226 813 1258 864 et

204 929 357 1010 arreptass
375 922 551 1008 chlamydis
566 943 630 996 ora,
647 921 681 983 in
697 941 732 984 os
754 917 933 1002 aegrotantis
956 931 1101 1001 apertum
1115 913 1258 996 [tenuem

203 1060 313 1102 auram
343 1035 518 1110 ventilavit,
542 1049 574 1098 et
604 1033 742 1098 eandem
773 1029 976 1116 chlamydem
1006 1026 1150 1107 tumidae}
1166 1025 1258 1090 faciei

204 1147 360 1234 apposuit.
407 1145 655 1231 Expergefactus
679 1143 733 1208 ille
757 1143 796 1206 ab
820 1143 909 1206 omni
935 1139 1056 1218 maloi
1086 1138 1195 1202 dolore
1226 1159 1259 1202 se

208 1259 378 1323 liberatum
400 1257 533 1334 invenit,
557 1270 589 1319 et
611 1277 705 1341 super
728 1277 761 1318 se
784 1255 890 1338 ipsum
913 1252 1086 1337 plurimum
1118 1251 1259 1328 miratus,

209 1393 276 1435 non
301 1369 369 1434 sine
391 1367 505 1452 majori
526 1365 729 1430 audientium
752 1363 971 1439 admiratione,
994 1361 1125 1448 pallium
1148 1362 1262 1441 sancti,

206 1479 295 1563 quod
316 1500 481 1563 nunquam
503 1477 636 1552 viderat,
660 1475 753 1559 quale
776 1475 882 1552 suerit,
905 1475 1059 1538 veraciter
1084 1474 1260 1558 descripsit.

210 1593 291 1658 Haec
306 1613 372 1655 non
387 1604 605 1676 cognoverunt
621 1587 768 1672 discipuli
789 1588 876 1672 ejus}
885 1588 998 1670 prim0,
1014 1586 1071 1651 sed
1096 1601 1263 1672 postquam

208 1700 448 1787 multiciplicata
472 1713 548 1764 sunt
569 1699 728 1778 miracula,
744 1711 778 1764 ct
799 1697 900 1762 multa
920 1720 1051 1783 corpora
1071 1711 1262 1774 sanctorum,

208 1813 263 1896 qui
296 1811 432 1895 quadam
453 1812 569 1895 teporis
604 1833 660 1874 seu
681 1809 858 1874 formidinis
879 1810 993 1874 inertia
1013 1809 1262 1886 obdormierant,

208 1944 265 2008 per
286 1921 489 1986 devotionem
514 1933 719 1984 surrexerunt
751 1933 784 1984 et
813 1920 853 1984 ad
876 1935 1046 2006 martyrem
1077 1921 1262 1985 catervatim

208 2047 427 2100 cucurrerunt.
475 2033 573 2098 Venit
589 2045 622 2098 et
636 2032 807 2118 praedictus
817 2033 946 2119 juvenis
960 2055 1026 2097 una
1040 2057 1115 2098 cum
1130 2033 1263 2099 domino

205 2167 266 2210 suo
296 2147 328 2209 in
365 2157 505 2210 sanctam
545 2144 811 2210 Cantuariensem
845 2145 1019 2222 civitatem,
1051 2158 1084 2210 et
1113 2147 1262 2230 apparuit

211 2258 329 2334 multis,
346 2269 379 2322 et
394 2279 412 2320 a
427 2256 576 2321 cordibus
591 2257 715 2336 nostris,
731 2278 788 2342 per
811 2279 888 2341 quos
909 2271 1041 2321 eventus
1062 2257 1158 2344 hujus
1182 2258 1267 2322 fama

210 2381 427 2456 praecurrerat,
458 2368 674 2454 ambiguitatis
708 2381 862 2433 strumam
896 2370 1082 2455 amputavit.
1129 2369 1265 2434 Factum

210 2493 260 2546 cst
288 2493 395 2546 autem
423 2478 611 2544 miraculum
641 2479 727 2544 istud
757 2481 838 2544 circa
870 2479 1173 2566 Quadragesimamr
1203 2481 1265 2545 hoc

211 2591 302 2656 uobis
316 2591 399 2656 circa
412 2593 425 2674 ΙΙ
443 2612 545 2656 sacros
560 2591 629 2655 dies
645 2592 849 2654 Pentecostes
865 2603 1036 2654 ostensum.

692 2724 788 2788 XVI.

263 2835 392 2930 Quibus
414 2837 507 2901 etiam
531 2837 654 2913 diebus,
678 2859 779 2923 quum
805 2837 871 2922 jam
902 2835 1019 2901 crebris
1041 2837 1266 2902 miraculorum

211 2946 313 3029 signis
327 2958 435 3011 sancta
457 2946 693 3011 Cautuariensis
714 2961 904 3012 coruscasset
929 2948 1071 3024 eeclesia,
1091 2963 1124 3013 et
1134 2950 1268 3015 infirmis

214 3077 273 3143 per
295 3069 395 3121 totam
417 3055 583 3122 ecclesiam
605 3057 820 3122 laborantibus
844 3059 941 3143 juxta
971 3059 1138 3123 commissa
1160 3081 1269 3122 curam

215 3168 450 3244 intenderem*
469 3168 586 3233 adultae
603 3169 671 3255 jam
695 3171 794 3234 aetatis
821 3169 970 3233 clericum
991 3170 1112 3247 inveni,
1129 3193 1148 3234 a
1169 3171 1270 3234 sancti

212 3280 359 3364 martyris
373 3279 528 3343 memoria
545 3279 711 3366 completis
727 3281 922 3344 orationibus
934 3281 1153 3346 recedentem:
1178 3283 1267 3347 dice-

214 3389 309 3454 batur
343 3403 450 3454 autem
487 3378 658 3468 RobertuS,
693 3391 801 3454 militis
838 3393 1002 3478 cujusdam
1039 3392 1189 3458 Willelmi
1227 3395 1268 3459 de

220 3499 357 3566 Surreiae
372 3501 535 3586 provincia
549 3501 650 3566 filius:
674 3501 757 3566 villae
774 3524 891 3566 nomen
908 3504 1097 3578 barbarum†
1109 3509 1269 3572 memoriae

222 3611 1267 3632 Ἢ

253 3652 266 3709 1
289 3667 623 3703 aaanrra--accnrra
636 3657 669 3704 A.
789 3651 809 3710 il
829 3669 1220 3708 ouu1uauo--ouu1uono
1236 3659 1270 3709 A.

261 3747 271 3806 ΙΙ
293 3761 374 3795 cruca
386 3781 452 3796 ......
463 3762 713 3797 cruca—aornar
725 3782 791 3797 ......
803 3746 930 3798 crraarl.

254 3837 269 3867 ⁶
292 3855 479 3891 rursuonuau.
499 3837 556 3890 The
570 3855 617 3890 use
635 3838 666 3890 of
679 3839 723 3890 the
738 3838 794 3890 first
810 3855 905 3908 person
921 3839 949 3891 in
963 3839 1016 3892 tbis
1027 3841 1103 3910 place
1119 3841 1203 3896 shews
1216 3843 1274 3898 that

213 3931 261 3984 tlte
279 3932 368 3986 writer
386 3933 416 3986 ol
430 3932 482 3985 this
499 3933 573 3986 work
590 3950 675 3986 wasa
692 3933 810 3985 member
827 3933 858 3986 of
872 3933 916 3986 the
935 3933 1041 3994 Church
1054 3936 1084 3988 ol
1098 3937 1274 4010 Cauterbury,

213 4026 270 4078 and
284 4026 306 4078 ia
319 4027 468 4096 applicable
482 4035 509 4079 to
524 4027 658 4088 Benedici,
673 4027 755 4079 abbat
767 4025 796 4078 of
809 4025 1013 4098 Peterborough.
1034 4030 1083 4082 See
1096 4031 1141 4085 the
1152 4032 1273 4087 Prelace.

252 4124 267 4180 t
288 4119 314 4172 It
337 4121 424 4173 would
445 4122 478 4174 be
500 4123 604 4175 curicus
628 4131 654 4174 to
670 4121 748 4174 know
768 4121 837 4174 what
856 4121 952 4192 village
971 4124 998 4176 iu
1018 4125 1114 4198 Surrey
1133 4129 1196 4182 bore
1215 4129 1268 4182 this
