3232 5166
321 571 360 632 58
676 572 863 635 Bsnnurcrr
888 576 1032 634 assuris
1094 555 1102 578 ‘
1268 561 1334 656 [ut.
1352 569 1379 635 1.

321 763 419 828 quem
438 755 647 823 assumpserat
671 739 840 804 indicabat.
881 743 994 805 Sermo
1009 741 1068 805 ista
1088 744 1243 806 narrantis
1263 745 1375 807 miram

321 853 438 915 mentis
450 851 591 934 sapiebat
601 849 744 914 laetitiatn
756 875 763 915 :
788 863 955 936 martyrem
967 853 1059 915 nobis
1068 873 1172 915 eoram
1186 855 1264 916 miro
1274 855 1374 918 extol·

320 962 406 1026 lebat
421 961 547 1038 affectu,
564 963 618 1045 qui
634 963 742 1025 vivens
757 962 797 1025 de
814 977 901 1025 tanta
912 962 1002 1026 illum
1024 965 1169 1049 angustia
1184 978 1217 1028 et
1232 966 1329 1028 semel
1342 979 1374 1029 et

321 1073 462 1136 secundo
478 1073 652 1160 eripuisset,
668 1087 810 1136 mortuus
827 1095 900 1137 vero
915 1072 1013 1136 semel
1028 1086 1060 1137 et
1075 1075 1216 1138 secundo
1232 1099 1295 1140 non
1312 1091 1381 1141 erat

325 1211 415 1274 opus.

806 1297 877 1364 XV.

369 1431 440 1496 Nec
467 1433 528 1497 fuit
558 1395 679 1498 lamule
703 1433 857 1498 Willelnti
887 1434 927 1498 de
956 1432 1190 1523 Warbetono,§
1215 1435 1376 1501 Willelmo
1448 1495 1450 1498 .

324 1544 471 1620 Patricio,
488 1546 592 1607 minor
606 1544 721 1608 laetitiae
737 1545 786 1606 vel
801 1563 893 1608 causa
909 1545 955 1608 vel
973 1545 1071 1630 copia,
1088 1547 1143 1632 qui
1159 1569 1223 1610 non
1243 1549 1377 1633 aphan-

325 1656 435 1718 tastica
457 1655 615 1731 illusione,
632 1656 687 1719 sed
710 1678 817 1720 aveto
840 1671 872 1719 et
895 1655 1078 1720 vehementi
1100 1657 1245 1721 dentium
1269 1659 1380 1723 dolore

324 1767 510 1830 mirabiliter
525 1781 652 1850 ereptus
667 1781 734 1845 est3
758 1781 826 1830 erat
841 1767 929 1829 enirn
942 1780 1048 1829 tumor
1060 1767 1197 1833 maxillae
1209 1770 1378 1846 maximus,

327 1876 417 1940 dolor
446 1877 683 1952 immoderatus
707 1877 787 1940 adeo
810 1892 846 1941 ut
875 1891 982 1962 gestus
1015 1891 1047 1941 et
1076 1878 1220 1943 clamoris
1250 1903 1375 1945 causam

328 1987 488 2071 ignoranti
519 1988 622 2051 furere
653 1988 758 2073 potius
787 1988 947 2052 videretur
977 2011 1072 2074 quarn
1103 1989 1221 2066 dolere,
1252 2004 1294 2066 et,
1318 1991 1379 2055 nisi

328 2104 419 2167 citius
434 2099 642 2163 continuisset
657 2121 789 2162 manum
800 2113 942 2192 suampet
952 2099 1116 2164 allevasset
1126 2123 1199 2164 eum
1211 2103 1380 2178 Dominus,

327 2213 469 2298 profecto
498 2211 646 2275 amentiae
675 2211 854 2294 suspicione
886 2211 1049 2296 conjectus
1072 2225 1153 2274 esset
1176 2211 1210 2274 in
1233 2212 1379 2275 vincula:

332 2324 388 2387 sed
420 2323 622 2386 miseratione
655 2318 772 2386 Divina
800 2321 998 2385 vinculorum
1021 2323 1171 2385 duritiam
1194 2344 1251 2408 per
1272 2323 1385 2388 molles

327 2434 502 2499 suavissimi
522 2433 625 2497 somni
647 2455 749 2496 nexus
767 2433 873 2496 evasit.
912 2432 1083 2497 Dormieus
1101 2435 1189 2497 enim
1211 2434 1381 2521 elegantis-

329 2547 417 2609 simae
440 2545 550 2608 formae
565 2545 717 2629 juvenem
737 2544 797 2607 sibi
816 2543 895 2608 vidit
915 2543 1075 2621 adsistere,
1098 2545 1151 2627 qui
1173 2544 1384 2635 interrogatus

329 2659 401 2744 quis
416 2672 508 2733 esset,
525 2670 557 2720 et
581 2655 730 2719 clericum
756 2677 788 2718 se
812 2655 934 2718 domini
959 2656 1198 2720 Cantuariensis
1220 2679 1286 2721 esse
1309 2680 1381 2740 pro·

328 2771 438 2844 fessus,
454 2767 661 2852 praemunitus
676 2780 724 2829 est
739 2766 778 2829 ab
794 2765 916 2830 infirmo
932 2779 1027 2849 atque
1042 2768 1258 2849 praemonitus,
1275 2790 1315 2830 ne
1328 2768 1381 2831 cui

329 2881 390 2943 hoc
420 2880 630 2962 profiteretur,
661 2877 782 2940 nemini
813 2891 915 2940 tutam
946 2899 1011 2940 esse
1041 2879 1074 2940 in
1107 2878 1225 2964 Anglia
1253 2893 1383 2965 propter

332 2990 475 3076 martyris
513 2987 705 3050 adversarios
743 2987 969 3070 professionem
1004 2988 1196 3072 hujusmodi.
1255 2993 1301 3054 At
1330 2989 1384 3053 ille

333 3107 352 3136 ‘⁴
364 3098 396 3162 N
398 3123 439 3163 on
460 3121 514 3162 eos
523 3099 539 3126 ’⁸
555 3099 660 3184 inquit
676 3105 696 3135 “
707 3096 895 3172 reformid03
920 3097 1111 3181 paveantilli
1125 3113 1157 3162 et
1170 3121 1233 3162 non
1250 3121 1383 3183 paveam

334 3232 412 3293 ego:
437 3232 512 3272 ecce
530 3199 651 3272 domini
668 3230 755 3294 papae
768 3208 873 3270 literas
888 3208 995 3283 affero,
1008 3221 1043 3270 ut
1058 3230 1168 3294 poenas
1183 3209 1314 3286 solvant,
1331 3211 1387 3294 qui

331 3323 364 3383 in
378 3321 521 3405 martyris
538 3333 637 3382 morte
653 3317 872 3402 deliquerunt:
898 3319 1003 3382 caeteri
1014 3332 1120 3382 autern
1131 3343 1382 3406 quaquaversum

333 3453 390 3517 per
421 3429 570 3514 Angliam
602 3430 766 3493 constituti
795 3430 839 3492 sic
872 3443 966 3492 erunt
992 3429 1082 3493 liberi
1116 3432 1198 3494 sicut
1227 3431 1386 3494 immunes

333 3543 507 3606 extiterunt
522 3563 540 3604 a
555 3539 692 3623 culpa:‘’
716 3554 748 3603 et
769 3539 899 3603 nomine
921 3539 1087 3624 cujusdam
1112 3563 1272 3626 expresso,
1290 3565 1385 3626 quem

335 3655 374 3717 B.
399 3653 536 3716 Thomas
563 3652 596 3714 in
623 3653 745 3736 scriptis
772 3652 837 3715 suis
859 3653 1073 3715 Praeclietz’onis
1091 3654 1199 3732 filium
1224 3652 1386 3738 appellare

336 3778 553 3840 consueverat,
576 3771 595 3800 “
606 3762 664 3825 Ille
674 3763 689 3790 '’
717 3763 822 3848 inquit
846 3771 865 3801 ‘⁶
875 3785 916 3825 ex
935 3761 1055 3826 directo
1078 3763 1110 3824 in
1132 3779 1267 3848 puteum
1283 3763 1386 3826 tendit

338 3874 572 3950 Gehennalem,
603 3888 638 3937 tu
667 3895 751 3948 vero,
778 3872 914 3956 juvenis,
945 3870 1024 3956 qnitl
1046 3872 1195 3935 habes?''
1222 3871 1389 3936 Revelavit

341 4007 426 4070 aeger
457 3984 536 4070 qnitl
560 3997 729 4069 pateretur,
752 4003 1002 4067 responsumque
1033 3983 1171 4068 suscepit
1193 3981 1391 4067 hujusmodi,

584 4185 596 4241 ἦ
617 4197 724 4232 rnuuto
735 4216 801 4232 ......
812 4181 994 4243 llltnunvonm
1011 4199 1061 4232 orn.
1076 4183 1109 4234 A.
