3232 5166
522 665 565 708 us
589 663 672 708 vrrs
697 643 726 710 S.
754 642 898 708 Tuoun.
1231 642 1269 702 19

211 814 340 889 comite,
368 814 394 878 si
420 815 578 879 Dominus
594 815 752 889 annuerit,
781 835 876 898 opere
901 811 1124 897 comprobabo.
1170 808 1270 874 Porro

211 947 307 1007 super
332 926 497 1011 episeopis,
525 948 604 1009 quos
629 948 648 990 a
675 947 726 988 me
743 924 792 988 vel
808 946 865 1010 per
880 945 931 988 me
947 945 1115 1008 suspensos
1129 920 1266 984 asseritis

215 1037 265 1098 rel
296 1036 599 1111 excommunicatos,
625 1057 682 1121 pro
709 1049 796 1098 certo
822 1037 944 1099 noverit
976 1047 1079 1096 vestra
1108 1031 1266 1106 discretio,

212 1146 372 1230 quidquid
397 1158 573 1222 actumest,
599 1145 688 1230 regio
711 1158 818 1208 actum
843 1165 999 1208 consensu
1017 1153 1111 1227 atque
1127 1143 1270 1208 consilio.

216 1256 326 1330 Quum
356 1256 442 1320 enim
459 1257 492 1319 in
509 1258 590 1320 lesto
616 1257 717 1320 beatae
744 1255 856 1320 Mariae
869 1254 1082 1340 Magrlalenae,
1104 1255 1273 1318 reformata

209 1369 292 1430 inter
308 1389 365 1429 nos
378 1389 463 1450 pace,
482 1368 512 1430 in
522 1369 694 1452 pristinam
713 1369 844 1452 gratiam
866 1390 916 1430 me
941 1368 1109 1450 recepisset
1120 1365 1269 1430 dominus

213 1501 277 1554 rex,
288 1492 319 1541 et
329 1499 423 1563 super
432 1478 555 1562 injuriis
564 1493 596 1542 et
606 1479 763 1542 violentiis
776 1479 852 1542 milri
865 1479 1004 1561 meisque
1017 1477 1121 1552 illatis,
1133 1477 1269 1540 maxime

212 1610 287 1650 voro
303 1610 398 1674 super
413 1589 578 1673 episcopis,
594 1590 647 1673 qui
665 1590 696 1652 in
714 1590 820 1652 matris
836 1612 902 1654 suae
917 1588 1153 1653 Cautuariensis
1169 1586 1267 1650 eccle·

214 1699 268 1762 siae
283 1697 478 1783 despectum,
509 1699 594 1782 quod
610 1699 673 1762 mei
691 1712 757 1762 erat
773 1699 872 1762 ollicii
887 1720 1038 1782 usurpare
1065 1720 1130 1760 non
1157 1698 1271 1761 timue-

219 1823 303 1888 runt,
321 1810 551 1894 querimoniam
568 1809 654 1895 apud
670 1811 773 1894 ipsum
789 1808 1015 1892 deposuissem,
1032 1807 1084 1871 ille
1100 1830 1156 1870 sua
1170 1807 1271 1890 gratia

217 1936 251 1982 ut
268 1921 430 1983 adomino
446 1943 525 2004 papa
545 1922 627 2006 juris
644 1938 676 1984 et
692 1922 777 2006 aequi
802 1920 974 1984 vindictam
1002 1919 1270 2002 qualemcumque

216 2053 338 2113 possem
363 2033 530 2114 impetrare
546 2031 710 2105 concessit,
728 2029 807 2094 adeo
823 2045 937 2094 utnon
965 2030 1067 2093 solum
1083 2028 1123 2092 ad
1138 2051 1271 2091 consen·-

214 2163 284 2203 snrn
304 2142 458 2218 inclinari,
487 2141 543 2204 sed
568 2143 664 2205 etiam
689 2142 844 2227 spondere
866 2142 944 2205 milri
974 2141 1158 2225 dignaretur
1183 2138 1270 2202 auxi-

214 2250 323 2314 lium.”

259 2360 450 2425 Exclamans
482 2375 590 2426 autem
622 2362 830 2448 Reginaldus,
861 2380 923 2427 tam
948 2365 1059 2430 facetae
1087 2362 1269 2428 curialitatis

212 2493 340 2546 vacuus,
358 2493 452 2553 quam
477 2471 580 2535 lurore
598 2471 719 2557 plenae,
735 2473 856 2556 inquit:
882 2483 902 2512 ‘⁶
916 2474 1010 2552 Audi,
1028 2474 1166 2558 quidest
1183 2471 1268 2555 quod

214 2581 315 2644 dicis?
340 2580 611 2665 Inexemplilicata
627 2597 658 2644 et
673 2583 816 2645 inaudita
833 2583 988 2667 proditio:
1013 2585 1037 2646 si
1052 2583 1200 2645 dominus
1212 2603 1268 2644 rex

215 2692 378 2775 episcopos
401 2713 473 2754 snos
499 2693 798 2755 excommunicandi
823 2693 872 2756 vel
888 2693 1103 2776 suspendendi
1120 2693 1176 2755 tibi
1192 2715 1266 2754 con-

216 2802 340 2864 tulisset
365 2801 536 2875 licentiam,
567 2803 622 2887 qui
650 2817 807 2886 praecepto
831 2827 888 2866 suo
914 2805 972 2867 lilii
999 2806 1046 2867 sui
1070 2803 1269 2868 coronationi

215 2913 394 2976 interfuere.
442 2914 539 2976 Porro
555 2935 717 2995 nunquam
734 2915 766 2977 ei
781 2915 814 2976 in
831 2930 969 2978 mentem
987 2916 1083 2979 venit.
1129 2913 1159 2978 T
1160 2937 1178 2977 c
1195 2937 1267 2977 vero

215 3022 363 3084 immensi
394 3023 467 3085 mali
497 3023 620 3086 noveris
647 3037 819 3099 auctorem,
845 3025 900 3108 qui
930 3024 1097 3089 domiuum
1124 3040 1268 3088 nostrum

216 3153 323 3216 regern
340 3131 394 3194 tali
407 3130 586 3214 proditione
603 3131 796 3196 insimulas.'’

261 3241 529 3326 Archiepiscopus
545 3242 671 3324 iuquit:
709 3252 730 3280 ‘⁶
744 3244 931 3329 Reginalde,
951 3244 1139 3330 Regiualde,
1151 3269 1268 3329 nequa-

216 3374 312 3434 quam
335 3373 442 3436 regem
471 3351 657 3436 proditionis
685 3375 809 3419 accuso.
847 3355 1077 3421 Verumtamen
1102 3358 1270 3421 reformata

218 3461 303 3524 inter
317 3483 375 3523 nos
385 3459 562 3536 concordia,
578 3478 611 3524 et
621 3461 734 3527 habitae
748 3466 833 3527 inter
845 3488 902 3529 nos
917 3467 1142 3532 conventiones
1153 3489 1271 3549 nequa·

216 3597 309 3658 quarn
331 3575 375 3638 ita
390 3575 524 3638 latenter
546 3577 636 3640 laotae
656 3593 739 3655 sunt,
763 3580 841 3662 quin
862 3581 1097 3668 archiepiscopi,
1119 3582 1268 3666 episcopi,

217 3687 276 3748 viri
294 3686 388 3749 multi
402 3687 561 3762 sublimes,
587 3688 644 3750 viri
661 3689 750 3752 valde
767 3690 903 3775 religiosi
929 3693 1096 3777 quingenti
1124 3694 1218 3755 etiam
1238 3706 1271 3756 ct

218 3818 257 3859 eo
272 3796 410 3878 amplius
434 3796 550 3860 milites
566 3799 610 3861 eis
635 3801 845 3876 interfuerint,
859 3824 975 3884 easque
991 3803 1158 3866 audierint.
1207 3801 1271 3867 Sed

217 3919 250 3970 et
265 3919 300 3968 tu
321 3907 399 3988 ipse,
415 3905 546 3968 domine
565 3906 752 3992 Regiualde,
770 3911 968 3974 interfuisti.’'

267 4017 446 4102 Respondit
461 4019 601 4082 veritatis
618 4021 775 4099 inimicae,
792 4037 825 4085 et
840 4023 938 4086 dixit:
971 4021 1087 4088 “Vere
1105 4047 1210 4110 neque
1227 4027 1270 4090 ibi

218 4148 355 4210 praesens
370 4126 467 4203 adlni,
484 4150 544 4190 nec
560 4129 628 4193 haec
644 4130 717 4205 vidi,
735 4133 784 4194 vcl
799 4133 935 4197 audivi.”
950 4197 952 4204 ,

265 4238 400 4301 Sanctus
416 4253 533 4315 autern,
551 4255 660 4324 utpote
678 4257 741 4305 tarn
769 4246 801 4306 in
821 4250 917 4309 verbo
935 4271 1031 4330 quam
1047 4249 1080 4311 in
1097 4272 1174 4313 voce
1193 4263 1271 4313 tem-

219 4349 444 4432 peratissimus
460 4351 644 4435 suppliciter
659 4366 690 4416 et
705 4354 891 4439 simpliciter
906 4359 1066 4422 ailirmans
1081 4359 1148 4423 ait:
1168 4369 1187 4398 “
1200 4361 1271 4424 Imo

220 4471 306 4536 Deus
325 4471 384 4534 soit
399 4494 407 4546 3
432 4486 535 4537 certus
546 4496 617 4537 sum
632 4476 729 4553 enim,
746 4479 821 4562 quia
837 4492 867 4542 te
882 4480 1014 4544 viderim
1032 4482 1103 4547 ibi.”

261 4586 307 4647 At
334 4581 386 4644 ille
413 4603 527 4661 rursus,
555 4586 642 4671 quod
672 4587 717 4653 ibi
745 4611 810 4654 non
836 4591 946 4656 luisset
977 4591 1148 4682 pejerando
1176 4613 1273 4676 seque
