3232 5166
214 429 280 494 cup.
298 405 345 494 2.]
538 428 583 472 nn
606 426 722 473 irrues.
746 409 778 473 S.
803 402 950 472 Troum.
1228 408 1269 476 39

214 578 347 643 scientia
362 577 499 643 sufficiet
514 600 574 642 nec
588 577 738 643 facundia
752 576 945 663 suppeditet,
965 574 1099 642 devotus
1120 588 1153 640 et
1167 574 1270 640 libens

216 711 298 754 onus
311 689 495 773 impositum
511 689 658 774 suscipio,
674 687 840 752 conlidens
860 687 893 751 in
909 709 948 753 eo
964 687 1020 772 qui
1039 685 1123 752 dixit
1146 687 1271 773 “Aperi

216 823 253 864 os
268 813 360 864 tuum
373 815 406 864 et
418 822 479 886 ego
490 798 672 886 adimplebo
683 797 796 864 illud.'’
839 796 977 863 Veniam
991 811 1099 862 eutem
1115 797 1271 884 primord

214 912 353 974 visiones
367 925 400 974 et
414 908 625 975 revelationes
641 907 786 986 Domini,
798 907 917 994 quibus
931 922 965 974 et
987 905 1136 995 lugentes
1159 929 1268 976 servos

212 1043 287 1086 suos
309 1019 489 1084 consolatus
511 1033 569 1097 est,
585 1033 619 1084 et
633 1018 780 1106 martyris
794 1019 844 1082 sui
859 1018 1062 1083 sanctitatem
1084 1031 1117 1083 et
1131 1017 1266 1104 glorium

213 1129 336 1194 mundo
364 1130 517 1216 paulatim
543 1130 693 1194 innotuit.
738 1129 811 1194 Nec
832 1141 1019 1194 succenseat
1049 1151 1156 1213 quaeso
1185 1129 1267 1194 mibi

214 1241 381 1324 quispiam,
398 1241 487 1324 quasi
502 1239 556 1324 qui
572 1239 660 1326 operi
675 1237 822 1325 sequenti
845 1240 971 1303 somnis
984 1261 1042 1324 pro
1056 1238 1268 1305 fundamento

213 1353 429 1417 substomam:
461 1374 527 1415 non
555 1351 642 1415 enim
667 1350 703 1414 in
727 1351 859 1416 somniis
880 1349 1069 1416 narrationis
1091 1371 1172 1416 meae
1193 1350 1267 1416 fun-

215 1463 366 1528 damenta
382 1464 477 1548 jacio,
500 1461 556 1526 sed
578 1460 713 1526 visiones
736 1483 810 1548 quoe
830 1462 920 1528 mirre
941 1459 1033 1526 valde
1062 1474 1148 1538 sunt,
1178 1463 1268 1545 qnasi

215 1573 361 1658 quaedam
394 1572 547 1659 praeludiu
583 1571 749 1658 praemitto.
796 1572 883 1638 Quia
912 1595 988 1658 ergo
1017 1572 1102 1636 inter
1129 1586 1265 1651 sanctos,

214 1707 350 1768 qnorum
371 1683 566 1748 conversatio
588 1683 620 1746 iu
644 1681 733 1747 coelis
755 1695 812 1759 est,
833 1703 964 1768 corpore
988 1696 1081 1747 tenus
1109 1681 1266 1761 habitans,

213 1796 310 1859 vitum
331 1816 434 1858 meam
461 1807 618 1858 terrenam
641 1791 747 1856 adhuc
768 1814 836 1858 esse
860 1791 1035 1869 considero,
1052 1807 1088 1858 ut
1102 1815 1121 1858 a
1137 1792 1267 1858 minori·

214 1905 273 1968 bus
292 1903 333 1968 ad
355 1905 474 1991 majore
492 1917 601 1990 surget
622 1902 733 1980 oratio,
751 1925 771 1967 a
793 1925 844 1968 me
864 1903 934 1988 ipso
956 1902 1102 1968 discendi
1122 1917 1267 1970 sumetur

213 2013 390 2079 exordium.

710 2208 759 2277 11.

252 2347 419 2411 Secundum
433 2344 624 2410 miraculum.
649 2345 855 2432 Aspiciebum
870 2346 904 2411 in
919 2344 987 2412 visu
1004 2345 1107 2412 noetis
1122 2344 1266 2434 martyrii

210 2457 288 2541 ejus,
298 2470 331 2520 et
345 2478 419 2521 ecce
427 2456 562 2521 dilectus
575 2458 705 2522 noster*
715 2455 871 2521 candidus
884 2470 918 2521 et
929 2456 1138 2534 rubicundus,
1152 2479 1266 2521 venus·

210 2581 261 2631 tus
275 2567 364 2643 facie,
380 2582 413 2632 et
428 2582 558 2653 aspectu
572 2565 799 2642 desiderabilis,
815 2566 848 2630 in
865 2567 1004 2631 vestibus
1015 2580 1048 2630 et
1070 2566 1265 2630 ornamentis

209 2677 452 2760 pontificalibus,
465 2677 616 2742 introibat
630 2676 671 2741 ad
688 2676 784 2742 altare
803 2677 875 2753 Dei,
896 2677 984 2761 quusi
1001 2676 1166 2740 missarum
1181 2675 1266 2740 cele·

208 2787 354 2851 braturus
375 2787 534 2872 mysteria.
581 2787 678 2853 Quod
699 2808 799 2871 quum
813 2787 909 2852 etiam
929 2785 1076 2872 sequenti
1098 2785 1150 2852 vel
1172 2786 1265 2852 tertia

204 2909 300 2961 noete
314 2896 473 2974 vidissem,
494 2897 631 2983 cogitare
654 2897 733 2984 coepi
748 2912 917 2984 postremo,
942 2911 984 2974 et,
1006 2911 1095 2962 motu
1110 2895 1265 2962 labiorum

206 3007 368 3093 castigato,
385 3007 468 3072 intra
486 3029 537 3072 me
556 3007 660 3091 ipsum
675 3007 792 3086 dicere,
812 3015 832 3044 “
843 3007 961 3074 Nonne
980 3009 1048 3094 jam
1070 3008 1186 3093 saepius
1207 3029 1265 3092 per

204 3119 308 3182 visum
329 3118 407 3182 mihi
430 3116 580 3182 dominus
603 3140 693 3182 meus
715 3119 882 3202 apparuit?
904 3141 1002 3204 quere
1022 3116 1263 3184 dissimulanter

208 3228 260 3314 egi
272 3241 305 3292 et
325 3228 354 3292 ei
366 3232 387 3301 †
400 3250 465 3292 non
482 3250 553 3292 sum
576 3228 750 3314 loquutus?
773 3227 885 3293 vadem
906 3227 946 3292 ad
965 3250 1039 3292 eum
1062 3241 1095 3292 et
1116 3227 1267 3315 loquetur

207 3327 366 3419 mecumss
378 3351 433 3402 erit
444 3350 529 3402 certe
542 3337 654 3424 loquar
665 3350 698 3402 et
708 3336 913 3423 respondebit
926 3337 1001 3402 mihi
1011 3358 1019 3413 3
1031 3336 1047 3366 ''
1062 3350 1096 3401 et
1107 3337 1264 3402 accedens

204 3450 361 3526 cominus,
374 3449 474 3533 petitu
484 3462 518 3513 et
532 3463 662 3533 accepta
673 3449 906 3525 benedictione,
917 3449 1037 3534 subjeci
1054 3456 1073 3487 ‘⁸
1084 3447 1118 3512 N
1119 3471 1137 3513 e
1149 3471 1265 3533 queso,

205 3559 347 3637 domine,
371 3561 522 3638 irasceris
545 3561 572 3624 si
595 3575 625 3624 te
649 3561 915 3644 interrogavero,’'
926 3575 958 3624 et
974 3560 1026 3624 ille
1049 3569 1070 3599 “
1083 3559 1264 3644 Loquere.”

203 3677 226 3707 “
238 3669 404 3746 Domine,'’
421 3671 563 3753 inquom,
583 3679 719 3734 “nonne
740 3683 885 3734 mortuus
906 3671 990 3734 es?'’
1012 3683 1046 3734 et
1065 3670 1118 3735 ille
1142 3671 1265 3735 Gallice

346 3917 361 3948 ⁵
381 3932 485 3968 sosren
497 3932 550 3968 om.
565 3917 599 3968 Α.
942 3917 957 3976 l
977 3933 1005 3968 ur
1018 3933 1070 3968 om.
1084 3916 1118 3970 A.

426 4011 440 4068 ἶ
463 4025 609 4062 noeusron
622 4026 758 4062 uscuu-
770 4008 922 4079 alloquetur
933 4026 977 4062 me
989 4009 1023 4062 A.

733 4105 752 4162 6
