3232 5166
532 643 575 690 ns
598 644 674 688 vrrs
697 625 730 688 S.
755 621 897 688 'snorum
1194 621 1234 682 27

186 817 219 865 et
234 799 472 886 triumphaturas
496 823 551 886 per
568 801 754 886 sanguinem
771 800 916 886 martyris
931 798 1072 864 ecclesiae
1098 795 1234 883 figurare

188 913 311 976 videtur
336 911 528 976 victoriam?
566 911 637 976 Nec
665 913 811 976 sulficere
836 910 1002 976 videbatur
1027 909 1133 974 eidem
1171 907 1239 972 filio

191 1023 339 1086 Sathanae
360 1023 397 1084 in
413 1021 477 1086 Dei
491 1021 689 1086 sacerdotem
712 1035 835 1086 tanturn
850 1036 1044 1106 perpetrasse
1067 1019 1238 1103 flagitium,

190 1132 251 1196 nisi
267 1132 375 1208 etiam,
392 1131 478 1216 quod
493 1131 583 1196 dictu
599 1131 747 1196 horribile
762 1143 819 1210 est,
828 1133 946 1217 injecto
961 1132 993 1194 in
1007 1129 1239 1195 sanctissimum

193 1255 287 1326 caput
303 1243 372 1328 ejus
396 1241 514 1328 gladio,
538 1244 604 1327 jam
621 1242 765 1306 defuncti
779 1243 945 1306 cerebrum
968 1242 1107 1326 ejiceret,
1130 1253 1162 1304 et
1179 1260 1235 1322 per

187 1352 406 1437 pavimentum
422 1353 637 1417 crudelissime
651 1367 820 1439 spargeret,
841 1352 967 1416 sceleris
982 1351 1126 1436 ejusdem
1142 1351 1238 1435 perti·

188 1463 311 1548 cipibus
341 1463 502 1528 clamans:
526 1465 711 1528 “Mortuus
740 1477 797 1541 est,
814 1462 1000 1548 quantocius
1015 1484 1124 1526 eamus
1137 1454 1245 1527 binc.''

192 1572 288 1637 Unde
305 1574 444 1638 timuisse
461 1573 530 1638 illos
546 1575 660 1659 conjici
677 1588 788 1657 potest,
808 1595 847 1636 ne
873 1573 1130 1659 supervenientes
1145 1571 1243 1655 aliqui

191 1682 232 1746 de
247 1684 347 1748 sancti
362 1686 508 1770 martyris
524 1684 675 1748 militibus
691 1683 740 1748 vel
754 1683 880 1748 famulis
899 1683 1022 1748 domini
1047 1685 1097 1746 sui
1116 1684 1242 1768 saugui-

191 1814 267 1856 nem
282 1793 487 1858 vindicarent.
535 1793 696 1858 Exeuntes
711 1808 818 1858 autem
834 1792 875 1858 de
891 1793 1091 1869 monasterio,
1108 1793 1189 1857 sicut
1204 1792 1237 1856 in

192 1903 300 1987 praelio
320 1904 390 1968 lieri
414 1904 503 1981 solet,
515 1905 550 1969 in
574 1903 706 1990 insignis
726 1903 865 1969 iictoriae
886 1904 1013 1990 signum
1040 1904 1239 1982 clamabaut;

191 2021 212 2052 ‘⁴
227 2013 361 2100 Regales
377 2015 503 2092 milites,
518 2014 665 2101 regales.”
682 2015 748 2078 Alii
759 2028 865 2079 autem
879 2015 1072 2080 insultabant
1081 2015 1241 2080 dicentes:

192 2122 334 2188 “Voluit
363 2148 432 2191 esse
454 2148 511 2190 rex
526 2125 690 2210 plusquam
704 2147 761 2190 rex
779 2149 787 2202 ;
812 2126 907 2192 modo
933 2128 973 2191 sit
998 2149 1063 2205 rex,
1077 2126 1173 2190 modo
1200 2128 1241 2191 sit

191 2235 273 2299 rex.”
317 2237 358 2300 Et
383 2236 416 2300 in
443 2238 504 2302 hoc
525 2236 643 2301 similes
668 2237 738 2313 illis,
756 2239 809 2322 qui
831 2238 971 2304 Domino
986 2238 1021 2301 in
1046 2259 1139 2302 cruce
1163 2260 1240 2324 pen-

192 2344 280 2411 denti
294 2347 497 2426 insultabant,
513 2362 741 2434 praetereuntes
756 2363 788 2414 et
803 2350 907 2436 capita
932 2372 991 2414 sua
1006 2364 1180 2426 moventes,
1208 2365 1241 2414 et

193 2456 276 2523 inter
291 2472 404 2524 caetera
427 2458 586 2523 dicentes:
614 2459 739 2523 “Dixit
754 2458 851 2540 eninr,
869 2460 942 2544 quia
957 2460 1043 2524 lilius
1059 2461 1121 2526 Dei
1137 2461 1240 2526 sum.'’

581 2679 816 2746 Fanuusnrnn
839 2685 869 2746 6.

240 2791 300 2855 Cui
311 2813 451 2875 unquam
464 2794 593 2878 martyri
604 2791 713 2856 titulus
723 2792 826 2856 extitit
836 2792 1025 2878 gloriosior?
1032 2844 1123 2860 .......
1135 2795 1245 2860 Quum

194 2900 280 2964 enim
294 2902 410 2986 singuli
436 2915 608 2986 martyrum
638 2901 777 2987 singulas
804 2924 913 2967 causas
933 2917 1062 2989 agentes
1085 2906 1243 2991 singulare

195 3011 235 3073 ob
266 3010 397 3074 salutem
429 3011 587 3095 propriam
618 3027 777 3076 certamen
807 3015 945 3090 inierint,
978 3017 1034 3078 iste
1061 3017 1245 3082 universalis

195 3119 334 3185 ecclesiae
349 3143 442 3186 causa
456 3136 601 3206 suscepta
615 3136 725 3186 contra
740 3124 898 3210 principes
913 3140 946 3189 et
961 3140 1120 3212 tyrannos,
1136 3143 1247 3192 contra

196 3231 335 3296 ecclesiae
357 3240 474 3296 sanctae
501 3232 708 3296 mercenarios
734 3233 957 3319 potiusquam
984 3250 1123 3321 pastores
1138 3237 1247 3303 decer-

194 3355 276 3418 tans,
292 3356 326 3405 ut
342 3339 413 3406 eum
437 3344 603 3419 evinceret,
630 3342 816 3407 satellitibus
840 3344 879 3408 de
904 3368 1034 3429 corpore
1061 3370 1119 3410 suo
1136 3350 1244 3413 triurn-

197 3453 297 3538 phum
326 3467 484 3539 reportare
515 3453 664 3536 permisit
713 3453 787 3517 Illos
813 3455 939 3520 alterius
970 3471 1063 3522 sectae
1090 3460 1244 3538 homines,

196 3563 292 3628 istum
308 3563 505 3628 Christicolae
520 3576 554 3626 et
567 3563 625 3626 lilii
642 3565 757 3649 proprii
776 3582 991 3650 peremerunt.

575 3807 807 3854 erronearum
831 3793 860 3856 7.

240 3899 288 3960 De
301 3899 404 3982 spoliis
419 3908 448 3962 ct
464 3901 629 3963 assumenti
643 3923 709 3985 qnae
719 3905 831 3981 partiti
844 3913 917 3966 suot
931 3906 1037 3968 milites
1051 3909 1128 3972 inter
1142 3930 1182 3974 se.

241 4005 422 4090 Iniquitatis
436 4007 533 4092 igitur
545 4016 640 4072 tantae
655 4009 797 4094 operarii,
811 4032 875 4074 non
890 4013 992 4076 minus
1002 4015 1183 4099 cupiditatis
1195 4022 1246 4087 siti

197 4117 384 4195 laborantes,
401 4141 495 4202 quam
505 4119 667 4205 sanguinis
682 4120 860 4185 innocentis
876 4124 1029 4192 effusione
1038 4127 1194 4210 inebriati,
1207 4134 1248 4198 ad

199 4229 352 4316 palatium
377 4229 604 4316 archiepiscopi
630 4254 702 4294 cum
729 4232 933 4316 complicibus
962 4238 1027 4302 suis
1063 4246 1249 4324 quantocius
