3232 5166
628 643 808 717 Pnnrnou.
1225 635 1265 708 ll

175 831 336 916 incipiente
353 836 373 866 “
383 828 503 894 ΘΗΜ
548 828 760 893 Institutiones
770 826 790 891 J
791 825 944 905 ustiniani,
956 846 1023 889 oum
1035 821 1228 890 Anthentiois
1242 826 1273 884 et

174 935 340 998 inlorciato.
386 933 546 1016 Digestum
572 932 679 997 Vetus.
722 931 794 996 Tres
817 936 1004 1017 partescum
1028 928 1156 1014 Digesto
1171 926 1272 992 Novo.

175 1039 297 1101 Summa
311 1035 487 1101 Placentini.
532 1036 644 1100 'Potum
664 1057 771 1120 corpus
784 1034 860 1121 juris
874 1034 907 1098 in
928 1029 1272 1112 duobusvoluminibus.
1359 1057 1361 1060 ·

174 1139 380 1204 Arithmotioa.
425 1137 570 1223 Epistola
580 1139 699 1203 Seneca
709 1160 778 1202 cum
788 1137 852 1202 aliis
868 1136 987 1202 Senecio
995 1135 1102 1199 inuno
1113 1133 1274 1199 volumine.

176 1242 321 1306 Martialis
345 1248 429 1306 totus
452 1247 483 1306 et
511 1240 670 1306 Terentius
694 1241 726 1304 iu
748 1262 810 1304 uuo
839 1239 1000 1304 volumine.
1025 1236 1142 1303 Morale
1164 1234 1275 1321 dogma

174 1344 430 1430 philosophorum.
476 1343 569 1408 Gesta
591 1343 754 1408 Alexandri
771 1350 802 1408 ct
816 1342 892 1408 liber
913 1341 1031 1407 Claudii
1043 1339 1093 1424 ⁸etfs
1103 1338 1272 1404 Claudiani.

174 1449 297 1512 Summa
320 1447 404 1526 Petri
430 1446 527 1511 Helia
553 1445 590 1510 de
611 1446 820 1524 Grammatico,
836 1467 905 1511 oum
928 1445 1031 1509 multis
1051 1444 1117 1508 aliis
1137 1442 1226 1508 rebus
1239 1443 1273 1506 in

174 1573 234 1614 uno
249 1549 411 1616 volumine.
456 1550 551 1614 Gesta
563 1550 642 1634 regis
658 1550 782 1614 Henrici
797 1548 919 1613 secundi
934 1554 965 1614 et
987 1546 1161 1632 genealogia
1176 1545 1275 1630 ejus*

175 1653 441 1738 Interpretationes
457 1651 672 1716 Hebraicorum
691 1652 868 1716 Nominum.
913 1650 1049 1715 Libellus
1072 1649 1109 1714 de
1132 1651 1272 1714 lucarna-

174 1756 256 1820 tioue
267 1755 369 1820 Verbi.
413 1754 505 1820 Liber
517 1756 661 1820 Beruardi
673 1755 790 1820 abbatis
802 1755 841 1820 ad
855 1755 1024 1839 Eugenium
1036 1755 1275 1840 papam.2Mis-

175 1859 245 1923 sale.
290 1859 505 1924 VmaSancnr
519 1859 645 1923 Troum
660 1858 841 1924 Maarrnrs.
890 1859 1065 1923 Mrancunn
1081 1861 1273 1944 arosomfim

174 1983 321 2032 Quruoun
354 1983 581 2027 vouunrmnus.
640 1961 731 2027 Liber
761 1963 881 2027 Ricardi
906 1963 1056 2041 Plutonis,
1083 1963 1134 2046 qui
1164 1961 1274 2026 dicitur

177 2071 197 2100 “
210 2065 307 2129 Uvnu
325 2065 472 2129 uanuu.”
518 2065 885 2131 MeditatiouesAuselmi.
919 2066 1274 2131 PracticaBart-holomaei

174 2191 245 2232 cum
261 2167 364 2230 multis
380 2167 443 2231 aliis
457 2166 546 2232 rebus
560 2168 594 2231 in
613 2190 674 2232 uno
688 2167 849 2232 volumine.
895 2171 953 2234 Ars
964 2168 1273 2254 PhysicaeJPantegni,

175 2279 206 2332 ct
220 2269 354 2334 Praetioa
367 2270 464 2354 ipsius
479 2270 512 2334 in
526 2293 587 2334 uno
602 2270 765 2336 volumine.
808 2271 969 2336 Almansor
983 2278 1013 2335 et
1033 2271 1222 2335 Dioscorides
1237 2272 1274 2335 de

175 2372 336 2436 virtutibus
349 2372 514 2438 herbarum.
558 2372 650 2438 Liber
667 2373 916 2459 Dynamidiorum
928 2381 959 2440 et
973 2376 1099 2440 aliorum
1111 2379 1270 2440 multorum

176 2475 209 2538 in
224 2497 284 2540 uno
299 2475 464 2540 volumine.
508 2474 642 2541 Libellus
657 2476 694 2541 de
709 2485 860 2564 computo.

227 2663 278 2734 At
295 2662 359 2735 tho
385 2663 584 2760 beginning
601 2661 641 2736 oi
663 2664 726 2737 the
749 2665 897 2737 volume
916 2690 977 2736 are
994 2665 1125 2762 placed
1142 2665 1191 2737 all
1211 2665 1274 2737 the

177 2776 380 2874 fragments
403 2778 521 2851 which
546 2781 686 2852 remain
711 2780 922 2876 (preserved
945 2781 980 2852 in
1001 2779 1064 2853 the
1082 2781 1277 2860 Quadriiu-

177 2896 263 2990 gns)
284 2894 323 2967 oi
340 2895 547 2968 Benedict’s
566 2895 645 2968 Life
664 2895 704 2968 of
719 2897 869 2970 Becket.
922 2897 1002 2969 The
1017 2909 1097 2970 text
1115 2897 1155 2970 oi
1171 2897 1275 2970 these

177 3013 379 3111 fragments
396 3015 426 3087 is
449 3015 573 3087 rather
590 3040 691 3088 more
715 3025 885 3089 accurate
913 3017 1001 3088 than
1020 3017 1100 3090 that
1119 3017 1236 3089 which
1257 3018 1273 3088 l

179 3156 270 3226 gave
294 3132 332 3203 in
358 3131 440 3203 Vita
465 3131 586 3204 Sancti
611 3131 767 3203 Thomae
796 3134 857 3205 dcc.
883 3133 905 3203 2
930 3133 1009 3205 vols
1034 3134 1117 3220 8v0,
1140 3133 1276 3229 having

179 3247 273 3320 been
304 3247 502 3344 compared
524 3247 611 3320 with
642 3247 705 3320 the
728 3257 810 3320 text
828 3247 868 3320 oi
897 3248 959 3320 the
989 3249 1092 3320 older
1122 3248 1278 3328 Quadri·

179 3361 298 3458 loguS,
313 3363 390 3449 tto,
417 3363 524 3435 1495.

216 3670 231 3700 ⁵
252 3665 411 3720 Benedictus
424 3667 505 3720 abbas
525 3667 753 3737 Petroburgeusis‚
769 3671 801 3722 de
815 3671 869 3724 vita
882 3679 908 3723 et
919 3672 1001 3738 gestis
1021 3672 1132 3725 Heurici
1153 3673 1178 3726 ll
1194 3685 1220 3726 et
1233 3675 1280 3727 Ri-

181 3755 255 3807 cardi
271 3755 292 3806 l.
315 3755 335 3806 E
349 3755 440 3806 codice
452 3755 510 3806 MS.
524 3754 552 3806 iu
565 3754 726 3808 bibliotheca
740 3757 885 3812 llarlciana
899 3758 1044 3827 descripsit,
1054 3767 1080 3810 ct
1095 3777 1165 3811 nunc
1178 3762 1279 3830 primus

183 3841 266 3894 edidit
288 3842 403 3894 Thomas
424 3841 567 3892 Hearnius.
605 3843 785 3897 Accesserunt
801 3846 860 3897 alia.
898 3845 1009 3898 Duobus
1031 3846 1115 3911 tomis,
1132 3847 1237 3901 Oxonii.
1258 3851 1279 3901 a:

183 3929 286 3980 theatro
300 3929 482 3982 Sheldoniano
496 3927 718 3980 MDCCXXXV.
