3232 5166
353 639 392 702 18
730 637 918 706 Bauenrcrr
944 658 1084 705 sanaris

353 826 406 876 tur
431 837 499 880 csse
522 839 540 880 a
561 817 702 880 Domino
727 818 839 882 collata
854 832 1000 904 potestas.
1027 819 1060 882 Si
1088 816 1253 901 superbis
1278 833 1405 878 causam

352 925 517 991 volueritis
541 927 727 1007 instaurare,
755 929 839 991 inter
864 953 921 992 vos
936 944 968 992 et
993 929 1098 1010 ipsum
1123 949 1216 990 causa
1241 940 1408 993 verseturr

353 1057 425 1099 mea
451 1037 529 1101 nihil
557 1039 688 1102 interest
710 1040 868 1124 superbis
890 1040 977 1103 vobis
993 1036 1212 1122 respondere.”

399 1147 597 1231 Reginaldus
613 1149 715 1212 dixit:
733 1149 836 1213 “Etsi
856 1149 888 1212 id
903 1152 936 1213 in
954 1149 1079 1234 propria
1095 1170 1228 1232 persona
1242 1169 1308 1210 non
1322 1146 1405 1210 iece-

351 1257 403 1331 ris‚
419 1279 477 1342 per
491 1272 522 1322 te
538 1278 644 1322 tamen
675 1275 709 1322 et
724 1275 780 1323 tuo
795 1261 914 1324 iactum
930 1275 978 1322 est
993 1259 1175 1322 instinctu?

397 1365 440 1429 Et
454 1382 579 1431 sanctus
594 1370 722 1451 inquit;
745 1371 812 1433 “Si
829 1369 977 1432 dominns
1001 1391 1083 1454 papa
1109 1368 1240 1431 nimiam
1264 1365 1407 1430 ecclesiae

352 1496 432 1541 meae
447 1477 588 1560 mihique
599 1479 716 1542 illatam
733 1481 904 1564 respiciens
917 1479 1066 1564 injuriam
1074 1477 1291 1554 vindicaverit,
1306 1476 1408 1539 fateor

353 1587 433 1649 mihi
452 1610 515 1651 non
531 1588 731 1674 displicere.”

396 1698 572 1784 Impietatis
601 1717 708 1764 antem
735 1699 829 1776 lilius,
861 1700 916 1783 qui
940 1700 1004 1762 huc
1028 1721 1128 1782 usque
1151 1699 1225 1762 totis
1250 1697 1409 1762 institerat

357 1811 486 1886 viribus,
517 1811 632 1893 quibus
659 1812 801 1894 captiose
828 1811 960 1892 inquens
985 1809 1265 1895 prudentissimum
1291 1829 1409 1893 agnum

354 1919 416 1982 Dei
433 1918 482 1982 vel
497 1921 531 1982 in
546 1943 692 1984 sermone
703 1935 841 2002 caperet,
855 1919 904 1982 vel
916 1934 1026 1982 eontra
1038 1919 1100 1981 Dei
1113 1933 1145 1982 et
1157 1917 1307 1994 ecclesiae,
1320 1919 1410 2001 cujns

363 2046 579 2114 propugnator
605 2045 671 2093 erat
686 2031 886 2106 invincibilia,
902 2031 1056 2093 honorem
1071 2053 1090 2092 a
1113 2043 1196 2092 statu
1212 2028 1412 2093 rectitudinis

359 2154 523 2217 averteret,
548 2162 647 2222 quum
664 2139 795 2203 vidisset
811 2142 885 2222 quia
910 2155 983 2202 ante
1005 2139 1114 2202 oeulos
1140 2139 1271 2224 pennati
1298 2139 1414 2200 frustra

354 2263 422 2312 rete
440 2250 581 2335 jecisset,
609 2251 790 2313 convitiosis
817 2272 893 2313 eum
918 2249 1205 2313 insimulationibus
1230 2248 1414 2334 aggreditur

354 2361 486 2446 dicens:
524 2367 544 2398 “
558 2361 630 2424 Hoc
647 2361 703 2423 tibi
719 2359 842 2446 placere
870 2360 1043 2423 manifestis
1058 2357 1173 2444 probas
1199 2359 1335 2433 indiciis,
1356 2357 1414 2442 qui

361 2471 396 2532 in
426 2470 523 2554 regiae
551 2471 723 2554 majestatis
752 2469 891 2533 dedecus
915 2483 1011 2554 atque
1034 2469 1230 2554 despectum,
1256 2467 1420 2552 episcopos

355 2602 430 2642 suos
456 2581 496 2642 ab
521 2580 752 2665 episcopalibus
778 2603 875 2656 arces,
900 2594 932 2644 et
963 2603 981 2642 a
1004 2593 1121 2643 sanctae
1144 2581 1253 2643 matris
1273 2579 1415 2644 eeclesiae

355 2705 538 2775 sequestras
562 2690 736 2766 liminibus,
758 2713 797 2754 eo
822 2693 907 2774 quod
931 2690 1098 2754 dominum
1125 2705 1267 2754 nostrum
1296 2711 1414 2752 novum

357 2820 478 2882 regem,
505 2798 546 2862 ad
572 2821 666 2881 quem
691 2798 731 2861 de
755 2800 827 2882 jure
854 2813 975 2883 spectat
1000 2799 1178 2878 haereditas,
1202 2812 1311 2884 utpote
1331 2799 1415 2884 regis

353 2909 456 2972 lilium
474 2921 506 2971 et
521 2909 651 2992 reginae,
669 2909 794 2990 rignum
809 2909 904 2971 etiam
916 2909 947 2971 in
962 2908 1095 2971 humero
1107 2909 1264 2972 ferentem
1278 2907 1412 2990 imperii,

357 3019 423 3080 ausi
439 3018 559 3080 luerint
573 3038 741 3080 coronare.
772 3015 814 3079 Et
831 3040 930 3100 quum
946 3017 1096 3080 adversus
1113 3019 1194 3080 hanc
1210 3019 1278 3102 ejus
1293 3017 1414 3080 exalta-

357 3131 477 3192 tionem
493 3129 659 3211 insurgens
674 3148 742 3190 rem
758 3125 854 3190 talem
865 3128 1114 3212 praesumpseris,
1125 3127 1274 3191 credibile
1285 3128 1359 3190 satis
1369 3140 1418 3191 est

357 3239 485 3321 verique
512 3235 719 3310 simillimum,
748 3235 833 3318 quod
858 3257 1006 3300 coronam
1034 3259 1124 3300 suam
1150 3236 1231 3300 velis
1248 3238 1415 3322 surripere,

360 3363 392 3412 et
407 3368 507 3430 regno
524 3347 630 3408 invaso
645 3367 700 3408 rex
716 3357 807 3408 terrae
822 3348 979 3410 nominari
995 3361 1028 3410 et
1042 3368 1121 3412 esse.
1179 3347 1242 3411 Sed
1254 3361 1416 3411 annuente

366 3455 439 3520 Deo
450 3477 650 3538 nequaquam
668 3476 766 3536 usque
780 3453 819 3516 ad
830 3454 994 3540 dignitatis
1009 3457 1104 3540 regiae
1116 3479 1234 3520 nomen
1247 3457 1419 3541 prolicies.”

408 3565 543 3629 Sanctus
558 3579 665 3628 autem
679 3586 743 3626 non
760 3564 927 3628 immemor
942 3567 1118 3644 sententiae,
1136 3589 1198 3649 qua
1212 3567 1338 3644 dicitur,
1363 3569 1419 3631 Vir

363 3679 528 3741 iracundus
554 3678 682 3737 suscitat
702 3678 795 3750 rixas,
826 3679 944 3758 sapiens
970 3687 1071 3740 autem
1086 3680 1206 3761 mitigat
1233 3681 1418 3740 susdtatcs:

364 3792 532 3856 amaricato
547 3788 689 3852 satellitis
705 3789 812 3850 animo
837 3790 921 3852 mitis
946 3791 1087 3872 responsi
1112 3793 1259 3875 apposuit
1286 3791 1416 3854 medici-

366 3923 452 3976 nam,
481 3900 609 3962 dicens:
650 3903 670 3935 “
682 3898 903 3980 Nequaquam,
934 3898 1123 3983 Reginalde,
1148 3923 1351 3984 nequaquam
1378 3901 1419 3964 ad

367 4011 451 4094 regis
475 4029 595 4071 nomen
619 4005 669 4070 vel
694 4005 883 4091 dignitatem
907 4007 1042 4091 adspiro‚
1068 4031 1127 4074 nec
1153 4033 1304 4075 coronam
1330 4033 1420 4074 suam

368 4120 408 4182 ab
432 4140 472 4181 eo
496 4115 629 4180 avellere
658 4115 773 4199 cupio;
798 4131 861 4179 tres
886 4117 915 4180 ei
936 4119 1041 4200 potius
1055 4119 1105 4184 vel
1131 4135 1265 4203 quatuor
1291 4142 1422 4185 coronas

368 4226 456 4302 tales,
480 4226 505 4290 si
532 4225 611 4288 mihi
642 4223 874 4310 provoluntate
897 4225 1025 4290 facultas
1046 4229 1262 4314 responderet,
1288 4230 1423 4293 libenter

371 4335 583 4420 impositurus.
641 4332 713 4397 Nec
742 4335 888 4400 existimo
918 4359 1120 4422 quemquam,
1153 4339 1220 4404 solo
1248 4354 1335 4425 patre
1365 4361 1423 4402 suo

373 4447 504 4511 domino
520 4467 593 4508 meo
608 4465 681 4525 rege
698 4451 839 4531 excepto,
856 4447 889 4509 in
908 4447 1028 4511 mundo
1043 4472 1120 4530 esse,
1138 4452 1192 4534 qui
1209 4451 1348 4515 tenerius
1372 4472 1421 4513 nie

372 4555 462 4619 llum
487 4553 607 4638 diligat,
623 4551 673 4616 vel
699 4553 770 4638 plus
796 4553 826 4619 ei
850 4555 925 4620 boni
949 4567 1086 4642 exoptet.
1134 4559 1178 4624 Et
1202 4560 1263 4626 hoc
1291 4559 1330 4636 ei,
1359 4559 1423 4622 vita
