3232 5166
353 536 397 602 st
701 533 890 603 Bauanrcm
911 551 1054 602 sanans
1300 530 1366 620 [lib.
1379 532 1407 599 1.

351 709 532 774 innocentis
555 707 669 774 ell'osio
680 734 691 789 3
712 707 880 772 deflendus
901 708 1011 792 templi
1032 707 1157 791 Deique
1179 717 1400 792 contemptus:

350 817 534 883 deflendum
558 817 699 884 ecclesiae
728 818 934 883 nobilissimae
963 818 1186 882 continuatum
1215 814 1400 893 silentium:

350 927 498 994 deflenda
508 929 697 994 cithararum
713 928 936 1016 plaudentium
950 928 1085 994 crudelis
1100 927 1322 1014 praesumptio:
1345 925 1400 990 de·

350 1037 450 1103 solata
463 1051 512 1104 est
525 1037 639 1104 domus
653 1039 909 1104 sanctificationis
922 1052 1039 1104 nostrus
1050 1043 1067 1121 ‡
1080 1062 1090 1115 ;
1113 1038 1196 1102 sedit
1218 1038 1251 1100 in
1275 1037 1402 1100 tristitia

350 1145 481 1214 domina
501 1150 664 1234 gentium:
687 1172 799 1214 omnes
819 1150 912 1213 amici
942 1151 1010 1236 ejus
1033 1162 1219 1235 spreverunt
1241 1170 1323 1224 eam,
1342 1169 1403 1210 nec

350 1273 416 1326 erat
431 1261 486 1346 qui
496 1259 710 1326 consolaretur
724 1283 794 1325 earn
816 1283 855 1325 ex
876 1262 1024 1325 omnibus
1041 1262 1120 1324 caris
1146 1261 1226 1345 ejus.
1269 1261 1403 1324 Putares

349 1376 470 1443 threnis
485 1376 546 1440 illis
560 1377 752 1462 propheticis
767 1400 832 1442 non
848 1377 955 1441 minus
966 1376 1173 1441 Cantuariam
1182 1375 1292 1440 defleri
1304 1397 1401 1459 quam

349 1485 622 1574 Hierosolymam:
646 1486 797 1574 lugebant
812 1489 898 1553 enim
913 1511 1025 1552 omnes
1046 1488 1107 1552 viae
1124 1500 1239 1551 nostrae
1256 1487 1344 1563 Sion,
1360 1508 1400 1549 eo

350 1598 435 1684 quod
445 1622 511 1664 non
521 1612 603 1664 esset
618 1599 673 1684 qui
684 1599 806 1664 reniret
817 1598 858 1663 ad
869 1598 1120 1663 solemnitatem:
1145 1597 1297 1662 oblivioni
1311 1596 1399 1661 enim

348 1709 478 1776 tradidit
492 1711 526 1774 iu
546 1733 587 1776 ea
605 1711 765 1776 Dominus
784 1710 990 1774 festivitatem
1011 1722 1044 1774 et
1066 1708 1251 1788 Sabbatum,
1274 1720 1308 1772 et
1329 1729 1402 1792 quae

346 1821 381 1886 in
396 1821 515 1887 vestitu
534 1820 685 1887 deaurato
700 1836 733 1886 et
744 1820 982 1886 circumamicta
1003 1819 1155 1883 varietate
1173 1819 1353 1884 Dominum
1366 1819 1401 1882 in

348 1931 477 2022 hymnis
492 1946 525 1998 et
539 1932 790 1998 confessionibus
801 1954 867 2018 prae
883 1931 992 1995 multis
1007 1944 1158 1996 terrarum
1180 1929 1321 1995 ecclesiis
1342 1930 1400 1994 be-

346 2043 497 2110 nedicere
505 2042 635 2122 solebat,
644 2043 769 2122 luctui
781 2056 813 2109 et
824 2043 971 2122 lacrimis,
982 2042 1035 2107 die
1045 2057 1208 2128 noctuque
1219 2043 1400 2128 replebatur

345 2169 379 2220 ct
392 2165 531 2220 saturata
545 2167 594 2220 est
608 2153 796 2242 opprobriis.

397 2265 516 2331 Coram
548 2264 622 2330 Deo
655 2267 690 2330 in
721 2264 851 2331 Christo
879 2263 1005 2350 loquor,
1028 2265 1089 2330 filii
1111 2261 1264 2330 Ecclesiae
1286 2285 1346 2328 nec
1370 2264 1405 2328 in

345 2398 456 2442 mensa
476 2376 694 2464 temperabant
709 2377 892 2456 alacrimis,
911 2377 968 2442 sed
985 2378 1080 2442 tacite
1098 2377 1252 2464 lugebant
1272 2390 1401 2462 gustan-

347 2502 405 2568 tes,
420 2500 455 2552 et
468 2501 581 2573 potum
603 2509 697 2552 suum
712 2509 787 2553 cum
802 2487 882 2552 fletu
902 2488 1088 2565 miscebant,
1109 2501 1141 2552 et
1163 2487 1225 2550 uisi
1243 2487 1400 2550 visitasset

346 2621 405 2665 not
419 2597 534 2664 Oriens
549 2621 590 2665 ex
605 2597 678 2677 alto,
697 2599 784 2664 etde
800 2621 900 2685 grano
922 2612 1029 2663 nostro
1049 2598 1202 2662 frumenti
1223 2596 1401 2682 reliquisset

346 2711 438 2776 nohis
455 2733 566 2776 semen
587 2709 829 2787 benedictionis,
846 2708 962 2773 domus
988 2708 1122 2773 Domini
1144 2707 1301 2772 maculam
1317 2730 1400 2772 sem·

344 2821 461 2908 piterni
477 2820 636 2907 opprobrii
655 2820 873 2895 contraxisset,
895 2833 928 2883 et
948 2842 1016 2883 nou
1035 2817 1187 2905 adjiceret
1207 2817 1342 2902 amplius
1363 2829 1402 2880 ut

284 2975 294 2998 .
344 2942 542 3018 resurgeret:
566 2929 622 2994 sed
637 2928 824 2994 benedictus
837 2927 997 2992 Dominus
1016 2929 1070 3012 qui
1090 2951 1156 2993 non
1176 2928 1319 3013 permisit
1340 2949 1400 2992 nos

345 3042 461 3106 tentari
479 3063 574 3128 supra
597 3039 631 3105 id
653 3038 739 3125 quod
758 3039 930 3125 potuimus,
952 3037 1008 3102 sed
1030 3037 1106 3103 fecit
1127 3061 1200 3102 cum
1224 3038 1400 3102 tentatione

344 3153 443 3218 etiam
451 3166 651 3239 proventum,
664 3167 698 3216 ut
711 3171 874 3236 possemus
885 3149 1039 3214 sustinere
1052 3173 1061 3212 :
1084 3149 1270 3214 benedictus
1287 3147 1399 3212 Domi-

345 3285 416 3341 nus,
437 3264 491 3349 qui
514 3263 665 3330 contritos
684 3259 833 3347 respexit,
854 3273 886 3324 et
904 3261 1026 3324 sanavit
1043 3259 1248 3323 contritiones
1269 3273 1401 3335 nostras,

347 3375 404 3460 qui
412 3396 583 3440 conversus
604 3385 653 3438 est
667 3386 700 3437 et
708 3372 831 3458 ignovit
850 3371 951 3447 nobis,
964 3384 997 3435 et
1018 3369 1147 3454 reliquit
1168 3383 1241 3456 post
1256 3393 1289 3434 se
1305 3371 1402 3434 bene·

347 3483 540 3551 dictionem:
565 3487 647 3548 Ecce
662 3487 739 3547 euim
754 3507 790 3546 ea·
810 3485 865 3545 boc
877 3471 984 3546 ¹beatos
1004 3503 1057 3544 nos
1077 3504 1176 3544 omnes
1187 3485 1402 3566 perscrutabam,

355 3597 439 3680 Quia
451 3599 533 3684 ⁸feeit
549 3597 631 3660 nobis
646 3618 758 3679 mayaco
773 3597 828 3680 qai
838 3605 945 3678 potens
960 3595 1031 3677 estll
1058 3591 1140 3657 Mox
1154 3593 1252 3674 enim,
1267 3607 1405 3680 martyre

347 3721 578 3784 consummato,
584 3708 721 3792 juvenes
730 3704 830 3767 nostri
840 3703 977 3768 visiones
989 3703 1139 3768 viderunt
1151 3719 1184 3768 et
1193 3725 1286 3768 senes
1301 3705 1401 3768 nostri

347 3821 470 3886 somnia
484 3819 733 3892 somniaverunt,
750 3815 866 3902 quibus
881 3837 982 3898 usque
998 3812 1039 3878 ad
1051 3837 1138 3899 spem
1148 3815 1275 3901 majoris
1287 3838 1403 3880 conso-

385 4129 398 4187 1
416 4142 525 4178 uosrnrc
537 4143 588 4177 om.
604 4125 637 4177 Α.
709 4123 766 4184 ilet
777 4123 852 4176 luctu
865 4123 898 4174 A.
974 4126 985 4186 ΙΙ
1007 4139 1042 4174 ux
1055 4140 1105 4174 :roc
1118 4139 1169 4174 om.
1184 4121 1215 4174 B.
