3232 5166
249 558 314 620 rap.
334 536 402 620 ],0.]
572 557 617 600 os
640 555 754 602 urana.
779 537 811 602 S.
837 533 982 602 Teroua.

772 791 815 855 X.

295 926 455 992 Quintum
486 947 649 1010 quoquea
671 928 822 1013 martyrio
837 926 923 990 diem
946 923 1078 990 secundi
1100 922 1200 1010 gloria
1222 922 1303 1008 sigui

254 1033 329 1100 fecit
357 1035 527 1120 insignem.
573 1035 687 1120 Longa
716 1049 871 1100 terrarum
902 1036 1003 1121 spatia
1025 1036 1128 1121 spatio
1154 1033 1305 1119 temporis

253 1147 389 1211 breviori
419 1168 613 1232 percurrens,
645 1146 730 1232 apud
766 1146 996 1212 Gloecestriam
1034 1168 1073 1209 eo
1103 1145 1162 1209 die'
1191 1143 1305 1208 flebilis

251 1279 360 1321 rumor
374 1257 566 1321 increbruit:
591 1269 656 1320 erat
668 1256 731 1320 illic
742 1256 885 1320 Adelizae
897 1255 1132 1322 Londoniensis
1151 1255 1217 1320 fllia
1228 1254 1304 1318 insi-

251 1368 343 1454 piens
359 1368 449 1451 quasi
463 1389 621 1431 annorum
636 1368 784 1446 sedecim,
800 1367 951 1452 puellina,
966 1367 1019 1431 cui
1034 1367 1178 1452 aquiuto
1194 1365 1305 1429 nativi·

254 1478 325 1542 tatis
340 1499 407 1541 suae
421 1499 507 1542 anno
522 1491 618 1562 caput
630 1476 763 1562 singulis
779 1478 941 1542 mensibus
963 1477 1181 1541 intumescens
1202 1489 1306 1540 totum

253 1609 366 1674 corpus
388 1611 471 1674 pene
494 1587 648 1653 reddebat
669 1587 854 1658 immobile:
878 1589 1038 1652 mensibus
1053 1587 1251 1673 hyemalibus
1273 1600 1307 1652 et

259 1713 366 1763 tumor
384 1711 418 1762 et
438 1696 529 1761 dolor
548 1712 618 1781 post
641 1696 728 1762 diem
751 1696 925 1761 secundum
947 1697 1154 1761 evanescebat
1171 1695 1222 1760 vel
1244 1709 1307 1760 ter-

255 1810 346 1884 tium,
372 1808 486 1872 aestivis
501 1822 607 1872 autern
628 1829 846 1890 sepenumero
868 1807 1069 1872 hebdomada
1088 1807 1213 1892 integra
1238 1827 1307 1892 per-

254 1919 419 1982 manebat:
436 1916 543 2004 puella
556 1917 694 1994 interim,
706 1917 809 2003 capite
815 1918 925 2002 jacens
940 1918 1063 2003 supino,
1076 1938 1190 2003 corpus
1201 1938 1261 1980 nec
1272 1917 1309 1980 in

196 2059 198 2062 ·
256 2028 338 2092 latus
359 2040 552 2092 commutare
575 2039 699 2112 poterat
721 2047 780 2090 nec
801 2048 948 2104 movere;
970 2026 1058 2091 nulla
1076 2039 1141 2092 erat
1165 2025 1309 2112 vigilanti

257 2138 393 2220 requies,
422 2137 512 2201 nulla
540 2135 591 2200 vel
620 2135 751 2200 minima
788 2135 968 2200 dormiendi
1004 2136 1146 2201 facultas.
1192 2136 1308 2200 Atten-

259 2260 388 2323 taverat,
403 2246 479 2311 licet
495 2260 611 2310 tenerae
622 2245 729 2310 adhuc
744 2260 827 2312 esset
842 2249 953 2328 aetatis,
969 2247 1116 2335 potiones
1130 2260 1163 2312 et
1178 2245 1312 2312 medici·

259 2379 317 2421 nas
345 2356 517 2442 plurimas3
541 2357 717 2441 inustiones
742 2379 808 2421 non
830 2379 948 2444 paucas
969 2361 1172 2435 sustinuerat,
1196 2358 1310 2442 quibus

259 2467 345 2532 idem
362 2467 491 2530 morbus
505 2487 565 2529 uec
582 2466 726 2552 castigari
738 2469 843 2552 potuit
854 2490 914 2532 nec
923 2468 1050 2555 expelli.
1096 2469 1205 2532 Mater
1214 2468 1311 2554 igitur

258 2577 454 2663 aegrotantis,
471 2575 580 2640 audita
594 2577 768 2641 venerandi
789 2578 887 2663 patris
907 2579 1062 2663 passione,
1081 2591 1255 2663 martyrem
1278 2590 1311 2642 et

257 2686 358 2750 credit
373 2701 406 2750 et
417 2686 588 2749 confitetur
598 2699 739 2770 patrem:
756 2686 905 2750 arbitrata
919 2688 1089 2772 suscepisse
1101 2687 1312 2773 potiusquam

259 2796 432 2883 perdidisse
448 2809 616 2881 patronum
628 2794 765 2882 spondet
779 2799 910 2884 martyri
922 2814 1024 2863 mater
1037 2820 1095 2885 pro
1110 2797 1177 2864 filia
1193 2811 1226 2863 et
1241 2811 1315 2862 voto

258 2930 329 2972 eam
345 2907 463 2993 obligat
477 2907 598 2971 devotas
613 2906 884 2992 peregrinationis,
898 2909 924 2973 si
938 2931 1008 2974 eam
1025 2933 1043 2974 a
1058 2925 1154 2976 tantae
1170 2909 1301 2975 infirmi-

257 3019 331 3084 tatis
344 3017 495 3103 ligamine
511 3028 632 3102 martyr
651 3017 801 3082 absolvat.
848 3016 988 3083 Dicendi
1003 3020 1055 3083 vix
1071 3020 1170 3084 finem
1185 3020 1313 3096 fecerat,

257 3152 358 3216 quum
369 3151 403 3192 se
415 3128 530 3214 puella,
544 3150 613 3210 quae
627 3142 703 3193 tuno
712 3127 792 3192 forte
809 3150 895 3192 more
905 3129 997 3194 solito
1006 3129 1176 3206 laborabat,
1187 3129 1220 3192 in
1229 3129 1314 3194 latus

259 3241 356 3304 vertit
393 3253 426 3304 et
459 3237 668 3312 obdormirit;
691 3238 799 3322 sicque
839 3240 976 3304 excitata
1010 3238 1063 3302 illa
1084 3240 1180 3322 pestis
1202 3239 1313 3306 eadem

258 3349 407 3413 radicitus
421 3347 529 3412 avulsa
543 3361 601 3424 est,
617 3360 653 3412 ut
668 3347 800 3412 ulterius
816 3348 918 3413 nullas
933 3349 1060 3434 ipsius*
1080 3349 1211 3416 sentiret
1226 3351 1259 3414 iu
1281 3372 1316 3416 se

259 3459 444 3525 remansisse
482 3458 640 3543 reliquias.
707 3458 899 3525 Audivimus
928 3473 1096 3545 utramque
1134 3473 1244 3546 postea
1283 3474 1317 3525 et

260 3570 360 3637 oculis
389 3571 504 3635 nostris
519 3570 748 3656 perspeximus,
770 3584 802 3635 et
823 3570 974 3634 miraculo
1000 3569 1076 3634 huic
1096 3570 1317 3656 irrefragabilis

257 3681 431 3745 testimonii
460 3681 618 3745 sententia
650 3680 855 3764 comprobato
879 3679 977 3744 fidem
1007 3679 1219 3744 adhibendam
1249 3703 1317 3746 esse

258 3789 610 3876 censuimus5alioquin
620 3803 765 3876 argueret
776 3811 834 3855 nos
845 3788 1072 3854 incredulitatis
1083 3787 1147 3853 diei
1156 3790 1319 3876 sequentis

258 3899 451 3986 prodigiam,
489 3899 575 3983 quod
605 3899 793 3984 precedenti
825 3899 916 3985 signo
939 3899 1128 3964 inconcusso
1153 3899 1320 3966 videbatur

296 4053 311 4083 ⁶
323 4069 427 4104 uocas·
441 4052 645 4122 iratus-ipsius
658 4069 711 4105 non
728 4052 759 4104 B.
