3232 5166
224 559 290 636 cap.
310 549 376 636 lu]
570 571 614 616 ou
630 571 741 616 urnac.
760 552 793 617 S.
808 552 955 618 Tuours.
1232 555 1274 616 63

224 724 277 807 qui
299 722 610 787 sceleratissimorum
635 722 805 787 satellitum
828 723 941 808 gladiis
963 720 1157 806 inffecclesia
1184 726 1272 803 sua‡

224 847 407 919 peremptus
426 846 482 909 est,
495 834 512 862 ”
526 846 558 897 et
579 834 851 920 incipiensomnia
865 833 895 897 ei
915 834 1010 919 juxta
1032 832 1119 918 quod
1130 832 1274 897 audierat

222 949 374 1034 exposuit.
401 949 494 1012 Tunc
510 948 562 1012 ille
580 957 600 987 ‘⁴
610 947 695 1012 Vere
712 949 866 1032 pretiosus
882 949 944 1013 Dei
961 962 1078 1034 martyr
1092 949 1170 1025 est,'’
1185 962 1217 1013 et
1232 947 1273 1014 ad

221 1080 329 1143 preces
344 1080 514 1123 conversus
533 1067 552 1097 “
562 1060 702 1125 Pretiosa
715 1059 731 1090 '’
753 1061 856 1142 iuquit
871 1068 1023 1146 “martyr
1037 1060 1169 1136 Thema,
1191 1059 1274 1124 sicut

222 1191 332 1232 verum
368 1184 416 1233 est
445 1169 531 1252 quod
561 1191 617 1253 pro
649 1169 712 1233 Dei
742 1193 848 1234 amore
879 1183 912 1233 et
943 1169 1094 1234 Ecclesiae
1124 1170 1269 1234 libertate

223 1279 341 1343 tuenda
371 1280 547 1344 sustinuisti
577 1280 767 1365 passionem,
798 1294 830 1344 et
852 1281 933 1344 sicut
949 1280 1043 1345 credo
1059 1293 1090 1344 te
1105 1281 1126 1321 ἥ
1151 1279 1272 1345 Christi

222 1403 393 1475 martyrem
416 1412 493 1465 esse,
524 1391 643 1455 sicine
672 1415 691 1454 a
720 1391 911 1455 valetudinis
933 1391 1028 1476 hujus
1050 1391 1185 1466 miseria,
1210 1413 1272 1474 qua

221 1499 338 1576 laboro,
369 1499 511 1586 digneris
531 1501 663 1584 eripere.
711 1500 744 1565 Si
774 1501 853 1565 mihi
876 1500 1033 1565 evadendi
1055 1501 1189 1586 gratiam
1212 1502 1270 1564 im-

219 1611 398 1693 petraveris,
415 1611 455 1674 ad
467 1627 610 1675 sanetum
623 1611 802 1697 sepulcrum
813 1626 904 1675 tuum
915 1634 965 1674 me
978 1613 1180 1696 peregrinum
1193 1612 1270 1676 hab·

217 1721 293 1782 ebis.
317 1721 345 1784 Ο
362 1743 456 1803 quam
469 1721 559 1784 firma
574 1721 653 1786 fitles
664 1721 792 1798 infirmi,
809 1744 903 1805 quam
916 1721 1084 1798 meritoria,
1096 1745 1192 1808 quam
1203 1723 1265 1789 cito

218 1832 438 1896 remunerata!
463 1832 530 1896 Sub
545 1833 609 1896 fine
625 1834 776 1896 orationis
791 1835 864 1897 linis
880 1834 1007 1897 initium
1023 1831 1112 1898 dolor
1124 1835 1266 1900 invenit:

218 1955 311 2004 nocte
334 1943 490 2025 sequenti,
513 1943 599 2005 suasi
622 1955 654 2006 et
677 1942 854 2007 sufficiente
873 1967 984 2008 somno
1005 1957 1119 2028 praeter
1138 1945 1268 2010 solitum

218 2051 373 2115 relevatus
388 2066 452 2115 est:
478 2051 632 2137 evigilans
647 2067 752 2117 autern
769 2054 814 2117 ita
831 2076 864 2117 se
881 2070 1066 2119 renovatum
1090 2055 1211 2120 invenit
1233 2069 1268 2120 ut

217 2162 344 2244 expulso
359 2161 477 2239 dolore,
495 2173 616 2226 tumore
633 2184 820 2248 compresso,
848 2165 972 2228 sinistra
997 2165 1119 2228 dextrae
1143 2188 1269 2248 prorsus

215 2287 295 2336 esset
305 2273 477 2358 gracilitate
490 2270 668 2336 consimilis.
705 2271 849 2359 Hocjam
863 2273 954 2338 tertio
966 2273 1177 2340 manifestavit
1188 2297 1220 2340 se
1232 2275 1268 2339 iu

216 2398 351 2470 martyre
367 2406 423 2448 suo
438 2384 543 2461 JesuS,
559 2398 726 2470 postquam
742 2385 775 2448 iu
791 2408 830 2449 eo
846 2385 961 2450 iterum
976 2400 1023 2451 est
1037 2387 1214 2451 crucifixus.
1265 2375 1274 2392 ⁸

696 2557 776 2624 XII.

260 2665 399 2753 Tertiaq
423 2681 530 2732 autem
560 2667 612 2732 die
642 2668 728 2754 apud
759 2668 962 2732 Cantuariam
993 2667 1096 2751 quarti
1126 2663 1269 2728 miraculi

215 2777 324 2840 lumen
353 2777 470 2842 illuxit
516 2777 715 2864 Paupercula
753 2777 907 2862 quaedam,
946 2776 1091 2841 Brihtiva
1126 2775 1266 2852 nomine,

212 2888 385 2951 caecitatem
414 2890 595 2953 incurrerat.
644 2887 733 2954 Sicut
763 2890 902 2954 tenebrae
931 2889 999 2974 ejus
1028 2889 1128 2952 itaet
1156 2886 1267 2952 lumen

215 2998 291 3082 ejus.
338 2998 438 3062 Tacta
461 2999 568 3083 itaque
599 2999 770 3084 majestatis
792 2999 917 3084 spiritu,
948 2999 1090 3082 quamvis
1121 2997 1267 3082 simplex,

215 3109 358 3191 quamvis
373 3109 529 3185 illiterata,
547 3109 690 3193 quamvis
709 3131 791 3173 eaeca
809 3129 949 3193 corpore,
976 3107 1056 3172 vidit
1073 3120 1181 3171 tamen
1201 3129 1268 3172 non

214 3239 305 3302 posse
328 3239 394 3280 nou
417 3239 483 3281 esse
507 3231 692 3304 martyrem,
713 3219 770 3303 qui
792 3218 836 3280 sic
856 3217 1064 3280 occubuisset.
1113 3215 1210 3280 Unde
1234 3217 1268 3280 in

213 3327 278 3391 fide
302 3327 440 3392 radicata
457 3341 490 3391 et
509 3328 651 3403 fundata,
672 3328 813 3390 vicinum
836 3327 928 3412 petiit
949 3327 1122 3412 hospitium
1143 3328 1267 3392 matris-

212 3439 346 3502 familias
361 3439 543 3525 supplicans
555 3452 590 3501 ut
605 3439 631 3502 si
646 3437 723 3521 quid
734 3437 822 3523 quod
838 3437 878 3501 de
894 3452 1032 3523 martyre
1048 3452 1130 3502 esset
1144 3438 1267 3522 acquis-

212 3550 295 3626 isset,
307 3549 347 3612 ad
357 3548 516 3631 tangenda
525 3548 648 3612 lumina
656 3548 803 3612 luminel
813 3549 951 3612 carentia
960 3549 1020 3613 sibi
1030 3549 1263 3614 commodaret:

211 3659 342 3743 protulit
351 3658 405 3722 illa
415 3659 617 3743 panniculum
628 3658 807 3734 rubentem,
818 3659 871 3741 qui
883 3660 1023 3743 martyris
1033 3659 1134 3723 adhuc
1143 3657 1268 3743 liquido
1282 3663 1300 3689 s

210 3790 320 3832 cruore
332 3768 497 3843 madebat3
515 3769 603 3832 tersit
612 3789 695 3832 caeca
707 3768 813 3831 oculos
825 3779 907 3844 suos,
919 3782 951 3832 et
963 3769 1110 3832 caecitatis
1122 3768 1266 3832 abstersit

210 3878 399 3962 caliginem:
422 3877 519 3942 dueta
533 3890 664 3941 venerat
673 3903 682 3954 ;
706 3877 835 3942 alterius
852 3878 971 3960 absque
991 3876 1108 3940 ducatu
1125 3877 1227 3942 rediit.

1114 4008 1239 4017 --.—....

245 4064 260 4091 ³
280 4077 313 4110 ra
327 4075 379 4109 orn.
394 4057 427 4109 A.
503 4057 767 4120 §Tauria-Altera
782 4057 814 4107 A.
887 4057 903 4086 ⁹
923 4073 1032 4107 auarus
1046 4073 1098 4106 om.
1113 4055 1146 4107 A.
