3232 5166
361 549 404 612 60
708 549 895 617 Bnurororr
919 573 1060 618 unsaris
1307 556 1367 641 [tit.
1388 555 1412 622 l·

361 740 441 783 mese
456 722 608 804 tenaciter
624 743 687 787 non
704 723 842 790 adhaesit.
889 727 1089 792 Asseveruvit
1107 741 1216 791 autern
1237 751 1268 792 se
1280 730 1410 814 juvenis

360 828 444 894 ide'rn
463 833 493 895 vi
508 832 645 898 febrium
660 829 845 922 septimanis
861 838 981 924 aliquot
996 839 1161 919 laborasse,
1177 841 1408 904 commonitum

359 943 454 1008 fuisse
471 944 545 1008 satis
560 945 600 1008 ad
616 946 700 1011 beati
716 946 850 1014 Thcmae
867 951 977 1015 merita
993 951 1173 1038 confugere,
1190 966 1222 1015 et
1238 951 1358 1015 monita
1372 974 1406 1015 se

360 1055 597 1141 contempsisse,
614 1057 741 1121 tandem
760 1081 832 1122 vere
848 1082 881 1123 se
895 1059 1078 1124 Londonias
1094 1059 1229 1124 contulit
1241 1065 1272 1142 ss,
1289 1075 1323 1124 ut
1339 1061 1412 1124 ibia

360 1163 492 1229 medicis
515 1181 687 1244 curaretur,
711 1182 743 1232 et
765 1169 852 1254 quod
875 1192 894 1234 a
922 1170 1057 1235 febribus
1087 1169 1180 1256 longe
1201 1170 1411 1256 periculosius

359 1296 425 1340 osse
442 1289 576 1354 constat,
594 1277 774 1362 hepaticam
790 1302 823 1343 se
839 1280 1035 1345 medicorum
1054 1281 1176 1366 judicio
1206 1281 1410 1367 comperitll:

359 1399 483 1470 partem
513 1388 596 1451 enirn
620 1390 759 1474 corporis
787 1390 933 1455 dextram
964 1391 1141 1477 ascapulis
1172 1413 1270 1475 usque
1294 1391 1335 1455 ad
1359 1391 1413 1455 ilia

359 1495 450 1562 dolor
471 1511 690 1584 occupaverat,
714 1500 878 1584 squalebat
900 1501 1017 1585 pallore
1041 1502 1145 1578 facies,
1170 1501 1272 1567 febres
1291 1524 1406 1589 corpus

360 1607 581 1695 depascebant,
599 1614 693 1676 tussis
715 1613 802 1677 arida
823 1628 936 1700 pectus
958 1614 1110 1678 anhelum
1130 1613 1290 1699 fatigabat,
1313 1613 1411 1700 hepa-

360 1719 464 1806 tisque
480 1719 605 1799 duritia,
622 1745 718 1809 quarn
749 1723 872 1811 physici
884 1723 1036 1789 sclirosim
1059 1723 1231 1810 appellant,
1257 1725 1375 1800 manui,
1385 1726 1413 1788 si

359 1829 439 1894 forte
462 1847 683 1918 apponeretur,
707 1832 819 1918 lapidis
841 1835 939 1898 instar
961 1833 1124 1910 offerebat,
1145 1855 1204 1898 nec
1225 1833 1285 1898 sub
1307 1846 1409 1897 costas

359 1941 475 2026 digitos
487 1941 705 2030 admittebat.§
740 1941 932 2029 Hujusmodi
939 1944 1099 2029 signorum
1112 1943 1406 2028 indiciishepaticus

360 2050 584 2136 deprehensus,
601 2075 701 2138 quum
725 2053 812 2117 nulla
834 2054 1029 2119 medicorum
1053 2054 1219 2131 industria,
1239 2053 1314 2118 licet
1334 2055 1408 2118 satis

358 2160 556 2241 instantium,
586 2178 691 2248 posset
725 2164 837 2240 curari,
875 2165 1015 2230 febribus
1050 2172 1174 2230 tautum
1211 2167 1403 2252 temperatis,

358 2270 556 2358 desperatus·
571 2273 610 2336 ab
640 2273 796 2350 omnibus,
827 2275 861 2339 in
891 2297 947 2339 sua
981 2275 1128 2340 dimissus
1165 2289 1198 2340 et
1226 2275 1409 2361 septimanis

360 2381 510 2446 undecim
525 2381 597 2448 lecti
615 2381 707 2447 taedio
722 2397 772 2447 est
786 2386 929 2450 affectus.
973 2386 1012 2450 In
1029 2408 1063 2451 sc
1084 2401 1191 2450 sortem
1214 2408 1356 2450 reversus
1378 2399 1412 2450 et

358 2491 399 2556 ad
415 2507 558 2558 sanctum
574 2493 733 2559 Thomam
749 2518 927 2574 conversus,
944 2498 1013 2582 ejus
1027 2498 1086 2560 sibi
1102 2497 1215 2561 merita
1230 2497 1410 2583 postulabat

359 2603 530 2691 suffragari.
579 2606 673 2670 Ores
687 2606 784 2692 digna
804 2609 993 2694 spectaculo,
1010 2607 1154 2693 jucunda
1177 2605 1298 2671 relatui
1334 2605 1410 2672 Una

358 2714 535 2801 eademque
550 2717 626 2781 hora
641 2725 674 2782 et
688 2719 862 2783 orationem
878 2705 961 2783 fudit
975 2731 1009 2783 et
1032 2719 1281 2782 meliorationem
1304 2740 1408 2782 susce·

356 2825 415 2911 pit.
461 2823 664 2891 Reformatus
685 2829 782 2910 igitur
803 2828 844 2892 ad
866 2830 1005 2915 vigorem
1036 2829 1150 2893 eodem
1179 2829 1232 2893 die
1263 2828 1407 2905 surrexit,

357 2958 417 3000 nec
440 2935 572 3002 ulterius
594 2937 678 3001 illius
707 2939 899 3002 infirmitatis
928 2940 1115 3004 necessitate
1138 2940 1220 3004 lecto
1244 2938 1407 3004 decubuit.

359 3044 455 3111 Facta
469 3060 517 3112 est
532 3061 637 3112 autem
653 3046 736 3112 salus
751 3047 818 3112 haec
833 3064 866 3113 et
881 3051 979 3114 virtus
994 3051 1060 3115 viro
1081 3052 1163 3115 eirca
1185 3048 1307 3114 medios
1328 3048 1407 3125 dies,

358 3157 466 3223 salutis
481 3173 623 3246 tempore
638 3159 786 3226 videlicet
813 3160 1095 3248 Quadragesimali,
1111 3161 1317 3244 animumque
1333 3159 1407 3224 satis

357 3269 494 3335 babebat
525 3272 686 3336 intensum
722 3273 781 3337 sub
818 3270 1018 3338 festinatione
1050 3273 1253 3338 cantuariam
1283 3271 1403 3335 venire.

357 3380 481 3446 Videns
495 3405 570 3446 vero
585 3397 716 3448 ventum
732 3385 988 3471 persequutionis
1002 3384 1106 3449 adhuc
1130 3382 1281 3457 validum,
1298 3381 1405 3445 timuit

357 3492 412 3558 illo
427 3494 483 3570 ire,
506 3508 538 3558 et
554 3493 702 3560 desiderii
718 3498 767 3559 sui
782 3495 928 3560 effectum
945 3518 1045 3579 usque
1071 3495 1103 3558 in
1129 3508 1272 3578 tempora
1296 3491 1403 3556 minus

359 3693 529 3747 “barberous
546 3693 652 3746 name.''
671 3693 727 3746 The
746 3693 855 3764 general
873 3711 919 3746 use
938 3693 969 3746 of
982 3693 1027 3746 tlre
1046 3692 1125 3745 Latin
1143 3691 1275 3762 language
1294 3691 1330 3744 all
1344 3707 1408 3744 over·

358 3787 466 3860 Europe
478 3789 506 3841 in
526 3787 570 3841 the
588 3787 687 3842 middle
704 3789 776 3858 dgss
795 3788 844 3841 has
856 3787 910 3842 hed
931 3805 946 3841 a
964 3787 1018 3840 bad
1028 3785 1107 3840 effect
1119 3804 1153 3841 on
1181 3786 1227 3841 the
1253 3785 1410 3840 vernaculsr

358 3899 450 3937 names
462 3884 493 3936 of
503 3900 612 3954 persons
626 3883 679 3936 aad
694 3882 792 3954 places,

396 3982 409 4038 t
430 3993 797 4031 courum-*acumen
813 3979 846 4031 Α.

393 4071 413 4130 ll
433 4087 569 4124 castratur
579 4089 855 4124 *couraosmou
869 4072 904 4124 A.

397 4171 408 4228 ξ
433 4183 683 4220 uourrraru‘r-—-
694 4184 884 4218 rarurrrasur
899 4169 931 4218 A.
