3232 5166
333 585 371 643 16
637 581 823 646 Baunnrcrr
869 605 1010 648 ananam

328 760 418 832 scire,
437 771 542 821 utrum
559 778 597 819 ea
623 755 711 818 malis
727 757 889 833 secretius
914 780 952 821 an
978 758 1106 845 publice
1130 760 1226 826 diei.''
1270 763 1315 826 At
1339 763 1387 828 vir

329 869 401 945 Dei,
418 890 477 930 nec
494 889 642 952 prospera
660 867 771 930 mundi
787 889 928 952 sperans,
945 891 1005 933 nec
1021 871 1153 954 adversa
1168 873 1386 952 reformidans,

329 979 464 1062 simplici
485 994 518 1042 et
540 976 674 1062 supplici
701 999 777 1042 voce
804 978 968 1064 respondit
993 980 1127 1044 dicens:
1153 990 1173 1019 “
1187 979 1259 1045 lIoc
1280 997 1386 1047 vestro

329 1091 467 1166 arbitrio,
484 1104 658 1173 vestraeque
686 1089 830 1173 relinquo
857 1090 1047 1156 voluntati.’'
1092 1091 1290 1176 Reginaldus
1314 1095 1379 1170 ait;

329 1209 348 1238 “
361 1203 519 1266 Secretius
545 1223 622 1286 ergo
640 1200 796 1276 dicantur,
825 1201 862 1265 iis
886 1202 942 1287 qui
967 1216 1139 1288 praesentes
1164 1216 1239 1269 simt
1259 1205 1387 1268 interim

327 1312 528 1376 absentatis”
573 1311 708 1376 Sanetus
720 1334 803 1387 vero,
814 1335 874 1376 nec
885 1335 1014 1376 suorum
1025 1314 1229 1378 multitudine
1242 1315 1381 1379 conlisus

326 1445 386 1486 nec
412 1422 618 1487 solitudinem
642 1424 769 1498 veritae,
795 1425 946 1488 omnibus
971 1426 1035 1488 suis
1062 1425 1178 1490 indixit
1206 1448 1383 1510 egressum.

329 1532 456 1607 Quibus
471 1533 604 1618 egressis
630 1547 663 1596 et
677 1533 750 1597 solis
765 1533 825 1596 illis
840 1547 976 1616 quatuor
990 1534 1178 1598 satellitibus
1194 1535 1226 1598 in
1244 1535 1383 1599 thalamo

326 1665 401 1706 cum
415 1644 651 1728 archiepiscopo
666 1644 911 1722 remanentibus,
928 1665 1094 1709 accurrens
1108 1645 1251 1709 ostiarius
1266 1646 1384 1708 ostium

326 1754 517 1838 patefactum
534 1753 664 1828 dimisit,
691 1768 726 1816 ut
742 1755 796 1839 qui
813 1769 902 1817 extra
913 1755 981 1838 jam
996 1753 1213 1831 consederant,
1224 1754 1264 1817 ad
1277 1754 1379 1818 domi-

324 1885 401 1926 num
435 1886 539 1940 suum,
570 1863 733 1927 Christum
765 1863 910 1940 Domini,
942 1863 1051 1928 oculos
1083 1865 1292 1940 reflectentes,
1320 1877 1384 1928 tarn

326 1975 430 2059 ipsum
456 1996 553 2058 quam
581 1973 652 2036 illos
668 1973 731 2036 Dei
756 1975 900 2038 inimicos
916 1975 1032 2038 intueri
1060 1973 1211 2038 valerent.
1258 1975 1384 2040 Quum·

326 2107 388 2168 que
429 2083 624 2167 Raginaldns
661 2083 828 2168 praedictus
869 2085 955 2169 regia
991 2084 1134 2167 quaedam
1176 2084 1383 2169 explicuisset

325 2193 482 2268 mandata,
504 2207 536 2256 et
560 2194 607 2254 vir
625 2192 687 2256 Dei
714 2192 978 2278 prudentissimus
1003 2193 1074 2258 luce
1089 2193 1215 2278 {clarius
1244 2216 1382 2281 perpen-

242 2351 245 2356 -
323 2304 431 2378 disset,
463 2302 548 2386 quod
578 2325 637 2366 nec
670 2304 753 2387 pacis
783 2325 843 2366 neo
869 2303 1001 2388 alicujus
1032 2305 1107 2368 boni
1134 2306 1272 2388 speciem
1303 2329 1381 2391 prae-

324 2415 500 2490 tenderent,
513 2413 652 2478 recolens
664 2415 758 2478 etiam
775 2413 858 2478 illius
870 2415 1064 2502 Evangelici,
1076 2415 1214 2499 quodam
1227 2417 1381 2501 praesagio

322 2527 511 2601 futurorum,
538 2524 653 2588 ‘Jesus
677 2547 741 2588 non
762 2524 909 2588 credebat
924 2527 1129 2611 semetipsum
1151 2529 1204 2602 eis,
1230 2548 1268 2590 eo
1291 2526 1377 2610 quod

324 2636 390 2719 ipse
421 2650 526 2698 nosset
556 2635 695 2710 omnes,’
711 2637 862 2699 accersito
886 2637 1024 2712 ostiario,
1052 2649 1114 2700 tarn
1142 2636 1272 2700 clericos
1300 2658 1375 2699 suos

325 2767 420 2830 quam
450 2745 632 2819 monachos
663 2747 721 2829 qni
750 2745 829 2808 lorte
861 2746 905 2808 ibi
935 2744 1076 2822 aderant,
1108 2745 1194 2810 laicis
1225 2747 1373 2810 omnibus

324 2853 468 2929 exclusis,
498 2852 609 2916 adesse
648 2855 806 2938 praecepit.
841 2853 967 2928 Quibus
992 2855 1150 2940 ingressis
1177 2857 1221 2920 ait
1250 2871 1378 2919 sanctus

321 2964 363 3028 ad
378 2963 527 3028 satellites
543 2987 551 3026 ε
578 2972 598 3002 “
615 2962 698 3028 Ecce
714 2963 846 3041 domini,
863 2987 937 3048 quae
947 2980 1057 3030 vestrae
1070 2965 1197 3051 placent
1209 2966 1378 3042 voluntati,

324 3077 454 3164 potestis
470 3077 519 3140 his
534 3077 742 3162 praesentibus
757 3075 874 3162 loqui.'’
910 3077 1106 3162 Reginaldus
1122 3077 1160 3140 ad
1178 3079 1268 3143 haec:
1295 3080 1380 3143 “Ex

322 3211 385 3272 quo
411 3211 450 3251 ea
473 3188 506 3250 in
523 3187 687 3274 publicum
703 3187 808 3272 potius
824 3187 931 3251 venire
950 3186 1105 3274 delegisti,
1130 3211 1226 3274 quam
1252 3204 1375 3253 secreta

320 3298 431 3378 teneri,
447 3312 479 3362 et
495 3319 552 3361 nos
568 3297 776 3361 nihilominus
791 3319 837 3374 ea,
863 3313 924 3362 tuae
939 3320 1035 3384 super
1059 3299 1121 3363 hoc
1147 3300 1374 3364 satisfacientes

321 3413 485 3489 voluntati,
514 3413 723 3498 praesentibus
752 3412 994 3498 publicabimus.
1055 3412 1247 3478 Mandatum
1272 3415 1331 3478 tibi
1358 3436 1378 3478 a

320 3525 453 3589 domino
469 3546 544 3610 rege
560 3523 743 3599 deferimus,
759 3524 813 3606 qui
829 3523 862 3586 in
880 3524 1021 3607 partibus
1044 3541 1258 3590 commoratur
1272 3539 1373 3588 trans·

319 3633 457 3710 marinis,
471 3649 507 3697 ut
519 3632 559 3696 ad
571 3633 670 3697 lilium
684 3654 777 3696 suum
790 3655 907 3696 novum
917 3655 1026 3719 regem
1039 3634 1241 3698 cismarinum
1253 3657 1376 3721 pergas,

318 3749 459 3812 facturus
474 3745 504 3808 ei
521 3743 605 3828 quod
618 3742 752 3806 domino
764 3756 797 3806 et
811 3744 878 3830 regi
893 3744 996 3808 lacere
1012 3745 1138 3809 debes.'’

365 3861 500 3923 Sanctus
514 3859 578 3920 ait:
603 3853 679 3917 “Et
695 3852 772 3937 quid
787 3868 835 3916 est
850 3852 935 3937 quod
951 3855 981 3917 ei
995 3855 1098 3919 lacere
1113 3855 1238 3919 debeo?
1250 3856 1268 3885 ’⁹

366 3968 409 4032 Et
420 3965 616 4055 Reginaldus
632 3989 641 4040 ;
655 3965 759 4028 “Hoc
775 3965 807 4028 in
821 3978 909 4028 tuam
922 3965 1028 4050 potius
1043 3965 1139 4030 debet
1154 3967 1277 4030 venisse
1294 3967 1376 4030 noti-

321 4081 406 4156 tiam,
422 4101 519 4164 quam
535 4075 703 4140 nostram.'’

361 4197 406 4255 At
422 4188 472 4253 ille
497 4187 621 4271 inquit:
646 4186 713 4248 “Si
727 4183 807 4248 illud
823 4184 944 4260 scirem,
962 4208 1012 4250 me
1030 4188 1169 4272 profecto
1185 4185 1367 4250 nullatenus

316 4306 352 4371 id
367 4305 510 4390 ignorare
526 4298 664 4362 dicerem
680 4320 688 4372 ;
712 4319 822 4360 verum
838 4296 985 4360 existimo
1001 4319 1051 4360 me
1065 4315 1192 4382 prorsus
1204 4297 1233 4360 ei
1249 4296 1372 4372 recisse,

318 4412 475 4504 quidquid
490 4411 519 4474 ei
534 4410 635 4474 lacere
651 4407 783 4472 debeo.'’

364 4521 561 4611 Reginaldus
576 4531 707 4584 contra:
734 4527 754 4555 ‘⁶
765 4513 997 4603 Nequaquam:
1024 4519 1124 4586 multa
1135 4517 1239 4584 adhuc
1255 4517 1372 4582 lacien-

318 4643 368 4721 ad,
385 4635 484 4702 multa
500 4643 573 4696 sunt
589 4627 805 4714 corrigenda.”
