3232 5166
556 651 601 696 nn
623 651 702 696 vrrs
727 631 757 697 S.
782 632 927 698 Tuouts.
1238 631 1279 706 tl

221 803 263 869 ait
287 804 370 868 inter
393 817 529 870 caetera:
554 807 648 871 ‘Non
670 807 732 872 alia
756 807 796 872 de
812 829 905 872 censa
920 807 1047 872 rediisse
1063 829 1097 872 se
1112 806 1151 870 ab
1178 808 1281 885 exilio,

221 914 280 977 nisi
297 928 332 980 ut
347 915 396 979 vel
413 938 466 980 eos
481 939 500 980 a
510 918 590 1002 jugo
606 917 734 983 inflictae
744 919 802 982 sibi
817 919 975 983 servitutis
987 933 1127 995 exueret,
1140 919 1190 982 vel
1200 919 1285 983 inter

224 1047 279 1088 eos
292 1038 327 1088 et
341 1047 399 1111 pro
414 1027 459 1090 eis
474 1028 585 1092 mortis
599 1042 758 1114 pateretur
773 1029 988 1115 supplicium?
1034 1029 1098 1093 Sed
1113 1043 1146 1093 et
1162 1030 1282 1093 abbati-

231 1135 289 1198 bus
313 1138 536 1216 transmarinis,
559 1152 596 1202 ut
621 1138 803 1222 predictum
819 1152 876 1216 est,
901 1140 1053 1224 passionis
1077 1163 1142 1204 suae
1166 1140 1285 1204 fecerat

224 1247 428 1310 mentionem.
465 1247 566 1312 Porro
586 1249 668 1314 sicut
682 1272 778 1335 snper
804 1251 853 1313 his
873 1250 982 1313 divina
1004 1250 1122 1336 pietate
1143 1249 1285 1327 edoctus,

227 1355 274 1418 sic
300 1369 333 1420 et
354 1355 493 1420 humana
518 1356 687 1422 sedulitate
708 1359 916 1445 praemonitus
935 1373 966 1424 et
993 1360 1203 1445 praemunitus
1226 1376 1283 1424 est.

227 1465 304 1530 Qua
329 1465 363 1528 in
388 1487 421 1530 re
453 1466 529 1532 licet
559 1467 768 1554 plurimorum
797 1469 1020 1534 benevolentia
1050 1471 1197 1534 meritum
1225 1471 1285 1534 sibi

227 1579 351 1643 dicatur
374 1580 557 1665 adquisisse,
578 1584 619 1648 de
635 1583 760 1648 duobus
781 1598 886 1648 tamen
906 1601 1049 1650 constare
1075 1593 1199 1648 certum
1225 1598 1282 1650 est.

229 1690 402 1756 Ricardum
426 1695 512 1758 enirn
540 1695 775 1759 cantuariensis
798 1694 938 1758 ecclesiae
958 1693 1178 1758 cellerarium*
1194 1695 1284 1759 miles

160 1880 162 1885 ,
233 1801 362 1886 quidam
378 1804 437 1868 sibi
451 1805 613 1869 familiaris
628 1805 765 1868 eundem
783 1819 926 1868 sanctum
949 1805 1082 1869 Domini
1097 1805 1197 1869 tertiae
1219 1805 1283 1869 diei

229 1935 390 1996 vesperam
406 1937 471 1977 non
488 1916 628 1978 visurum
653 1915 710 1979 sub
726 1914 801 1978 fidei
826 1915 1064 2000 interpositione
1077 1915 1280 1979 certificavit:

229 2039 338 2088 contra
349 2024 446 2088 lidem
463 2039 581 2102 tamen,
600 2047 664 2108 qua
678 2025 822 2116 inpatris
837 2025 885 2088 sui
904 2047 1016 2088 necem
1032 2025 1200 2088 homicidis
1222 2025 1284 2088 illis

228 2134 331 2199 luerat
361 2135 541 2220 obligatus:
574 2135 687 2198 maluit
717 2135 804 2197 enim
832 2135 919 2210 lidei,
946 2158 1008 2218 qua
1035 2136 1204 2199 tenebatur
1227 2136 1283 2212 eis,

227 2247 387 2311 incurrere
410 2247 436 2310 si
463 2247 630 2331 quoderat
655 2246 842 2332 periculum,
861 2269 954 2329 quam
980 2248 1037 2311 sub
1059 2247 1186 2312 silentio
1212 2262 1278 2312 tarn

227 2357 420 2421 detestabilis
435 2357 596 2423 homicidii
621 2372 736 2422 reatus.
783 2358 878 2424 Quod
905 2380 1003 2441 quum
1021 2356 1178 2422 Ricardus
1204 2381 1283 2444 pres-

180 2507 183 2513 ·
229 2467 334 2532 dictus
351 2468 396 2531 illi
413 2469 594 2532 beatissimo
613 2468 671 2531 Dei
688 2490 778 2532 servo
790 2468 959 2546 retulisset,
972 2468 1138 2532 subridens
1153 2492 1284 2554 respon-

229 2579 276 2644 dit
292 2607 300 2652 ς
317 2587 337 2618 “
350 2579 451 2644 Minae
462 2580 564 2643 sunt.”
596 2577 717 2642 Verum
734 2603 752 2642 a
767 2579 835 2642 cive
853 2577 1085 2655 Cantuariensi,
1104 2578 1285 2664 Reginaldo

231 2692 370 2767 nomine,
383 2691 498 2754 certior
509 2692 651 2765 effectus,
664 2690 749 2773 quod
759 2692 826 2774 jam
840 2691 872 2752 in
885 2689 1034 2774 Angliam
1047 2689 1283 2775 applicuissent,

230 2800 285 2884 qui
300 2802 333 2863 in
349 2802 418 2886 ejus
433 2814 569 2864 mortem
586 2801 847 2884 conspiraverant,
861 2821 917 2862 seu
933 2820 989 2884 pro
1001 2797 1126 2862 illorum
1139 2799 1284 2885 nequitia

231 2910 377 2989 delenda,
391 2934 446 2976 seu
462 2933 518 2994 pro
543 2933 619 2998 pace
634 2910 775 2974 ecclesiae
790 2910 928 2974 necdum
945 2909 1058 2994 adepta
1073 2909 1281 2975 vehementer

235 3021 462 3086 illachrimatns
488 3021 556 3084 ait:
593 3023 773 3084 “Paratum
800 3041 851 3082 me
873 3019 913 3083 ad
942 3033 1075 3082 mortem
1100 3019 1284 3089 invenient:

231 3132 348 3195 iaciant
364 3131 445 3215 quod
461 3132 564 3194 lacere
581 3129 748 3194 voluerint.
767 3130 840 3192 Scio
856 3127 996 3212 quidem,
1008 3127 1055 3192 iili
1073 3131 1126 3205 mi,
1139 3140 1169 3192 et
1181 3142 1285 3192 certus

233 3264 301 3304 sum
319 3263 374 3325 per
388 3264 475 3305 arma
490 3264 542 3304 me
556 3242 753 3303 moriturum.
779 3238 998 3302 Veruntamen
1016 3251 1105 3302 extra
1121 3240 1284 3304 ecclesiam

233 3375 336 3416 meam
363 3375 428 3416 non
454 3375 505 3416 me
532 3351 711 3415 occident.'’
748 3348 866 3412 Nonne
884 3349 942 3413 -his
966 3349 1068 3413 verbis
1095 3371 1159 3414 non
1183 3350 1285 3414 solum

233 3463 386 3549 passionis
409 3485 484 3540 suae,
509 3461 565 3526 sed
581 3475 613 3525 et
629 3460 715 3524 modi
731 3473 764 3524 et
778 3460 839 3524 loci
856 3460 1005 3542 praescius
1019 3461 1116 3524 fuisse
1140 3483 1285 3546 compro-

235 3573 353 3636 batur?
379 3571 443 3635 Sed
472 3573 626 3656 quianon
643 3585 858 3654 eratregnum
876 3571 945 3654 ejus
969 3569 1009 3633 de
1024 3569 1086 3633 hoc
1101 3569 1232 3646 mund0,
1259 3570 1286 3633 si

234 3683 321 3746 enim
337 3696 429 3760 esset,
446 3679 580 3744 ministri
597 3681 664 3764 ejus
680 3679 791 3763 utiquc
807 3677 1032 3756 decertassent,
1049 3692 1165 3742 utnon
1182 3678 1284 3743 trade-

233 3806 320 3855 retur
330 3791 384 3867 eis,
397 3790 493 3876 elegit
508 3790 638 3853 calicem
651 3789 781 3852 Domini
796 3801 907 3872 sponte
921 3810 995 3851 cum
1006 3787 1163 3850 hilaritate
1176 3788 1284 3854 bibere

235 3925 330 3987 quarn
352 3903 403 3966 vel
417 3901 601 3965 constantiae
617 3899 728 3984 prioris
745 3900 892 3962 virtutem
910 3899 1004 3961 inerti
1020 3899 1097 3984 iuga
1113 3898 1284 3977 maculare,

233 4012 285 4077 vel
299 4013 334 4076 in
349 4011 565 4075 defensionem
582 4009 632 4073 sui
653 4020 849 4094 pugnaturos
864 4009 897 4069 in
913 4029 1001 4070 arma
1016 4029 1134 4071 vocare.
1188 4008 1284 4074 Illum

420 4228 434 4258 ¹
453 4223 671 4279 ‘Cancellerium’
684 4223 711 4274 in
725 4223 769 4276 the
782 4221 856 4274 older
868 4221 1053 4291 Quadrilogus.
