3232 5166
354 554 395 612 48
717 543 904 616 Battrtmcrr
919 563 1063 608 sanaris
1299 540 1363 624 [tit.
1381 541 1410 604 1.
1445 569 1450 580 ·

353 718 406 782 ille
419 718 508 803 quasi
519 719 752 804 prophetasset
767 718 926 783 insiliente
940 718 973 784 in
986 739 1063 782 eum
1077 716 1190 802 spiritu
1211 715 1313 780 multa
1327 705 1415 801 prm-⁴

353 828 480 892 dicebat
491 849 561 912 quae
576 828 741 893 audientes
752 829 924 914 saepissime
936 826 1087 912 compleri
1098 825 1258 890 videbant.
1300 824 1410 899 Quum

351 961 429 1022 ergo
442 961 506 1001 una
514 939 636 1002 dierum
648 941 851 1025 peregrinum
862 939 1038 1006 intueretur
1048 936 1226 1002 adstantem
1237 942 1257 974 “
1268 936 1382 1000 Amice
1395 934 1411 964 ’³

353 1048 458 1131 inquit
481 1056 502 1086 “
515 1047 600 1112 unde
613 1049 670 1112 es?
693 1049 710 1077 ’'
723 1050 768 1112 At
777 1047 830 1111 ille
842 1054 862 1085 “
872 1049 923 1111 De
935 1047 1082 1132 Auglia.”
1105 1046 1199 1110 'func
1224 1045 1408 1122 monachus,

354 1166 374 1194 “
387 1156 418 1222 Ο
430 1158 558 1242 Anglia,
574 1157 709 1244 Anglial
726 1181 820 1242 quam
836 1180 962 1224 amoena
976 1159 1083 1222 futura
1103 1157 1161 1220 es?
1177 1156 1193 1184 ”
1204 1155 1408 1239 Rursumque

353 1267 393 1330 ad
409 1269 621 1353 peregrinum,
640 1277 660 1308 “
672 1268 855 1334 Cuntuariae
869 1291 1008 1352 unquam
1019 1268 1035 1297 '²
1050 1269 1156 1354 inquit
1169 1277 1188 1310 “
1197 1267 1309 1330 luisti?
1332 1265 1408 1340 Quo

351 1378 560 1462 respondente
583 1401 616 1442 se
644 1401 807 1465 nunquam
825 1379 937 1444 urbem
952 1378 1038 1444 illam
1054 1379 1180 1454 vidisse,
1197 1387 1217 1416 “
1228 1378 1278 1444 O”
1301 1377 1407 1462 inquit

353 1497 375 1526 “
387 1489 569 1564 Cantuaria,
583 1489 772 1554 Cantnarial
791 1512 886 1572 quam
901 1511 1036 1564 amoena,
1048 1512 1144 1572 quam
1153 1487 1348 1552 delectabilis
1359 1489 1409 1552 fu·

352 1611 422 1662 tura
433 1597 484 1662 esl
500 1620 574 1662 ecce
586 1600 671 1662 enim
682 1599 816 1662 venient
825 1598 902 1676 dies,
913 1599 946 1661 in
960 1599 1076 1681 quibus
1086 1599 1186 1664 fluent
1197 1597 1316 1662 adeam
1330 1620 1407 1683 pop·

351 1709 406 1786 uli,
432 1710 514 1773 sicut
539 1710 823 1794 impraesentiarum
849 1710 1086 1795 frequentatum
1107 1710 1253 1774 videmus
1276 1710 1406 1775 beatum

351 1819 525 1905 AEgidium,
541 1819 591 1882 vel
610 1821 737 1884 beatum
753 1819 921 1898 Jacobum,
942 1820 994 1883 vel
1010 1819 1159 1894 Romam,
1178 1820 1230 1884 vel
1245 1819 1407 1905 Jerosoly·

349 1951 446 1993 marn.
494 1931 566 1994 Hoc
589 1929 775 2014 peregrinus
800 1951 820 1991 a
840 1927 1049 2014 «ierosolymis
1064 1951 1223 2014 regressus
1244 1928 1407 1992 nonnullis

351 2041 488 2104 narravit
503 2043 567 2103 sere
580 2039 687 2102 decem
702 2040 793 2103 annis
808 2058 881 2104 ante
894 2040 1027 2124 piissimi
1043 2042 1138 2125 patris
1153 2040 1252 2104 nostri
1273 2039 1408 2106 Thomae

351 2151 545 2234 martyrium,
563 2151 618 2232 qui
633 2150 728 2213 etiam
752 2171 851 2233 quum
874 2150 999 2215 audiret
1013 2152 1126 2218 urbem
1147 2151 1407 2217 Cantuariensem

349 2260 469 2322 crebris
480 2258 628 2322 illustrari
644 2259 811 2338 miraculis,
824 2259 907 2324 dixit
916 2260 958 2324 ad
968 2261 1129 2328 dominam
1140 2284 1241 2336 auam,
1254 2255 1407 2328 Bertham

351 2368 591 2446 chlocestria,
616 2380 792 2432 matronam
816 2369 909 2432 valde
935 2370 1159 2446 venerabilem,
1188 2377 1209 2408 “
1219 2370 1407 2446 Meministi,

345 2477 490 2554 domins,
502 2501 613 2542 eorum
630 2501 700 2562 quae
715 2501 734 2542 a
750 2479 907 2543 monacho
924 2478 976 2542 illo
992 2503 1011 2544 a
1025 2479 1233 2566 «ierosolymis
1247 2496 1407 2546 revertens

349 2588 469 2673 accepi,
483 2590 600 2672 tibique
613 2611 709 2672 quum
724 2588 798 2652 inde
811 2588 973 2653 rediissem
988 2588 1106 2654 retuli?
1117 2590 1133 2619 ”
1149 2591 1195 2653 At
1205 2589 1269 2667 illa,
1286 2597 1306 2628 “
1316 2592 1406 2656 Bene

350 2699 512 2764 memini.''
538 2700 631 2764 Tunc
645 2701 829 2785 peregrinus
846 2709 867 2738 “
879 2700 983 2776 Certe,
997 2723 1070 2786 quae
1080 2714 1157 2765 tunc
1174 2701 1253 2766 mihi
1265 2702 1305 2768 de
1320 2700 1407 2766 Can·

349 2811 453 2873 tuaria
474 2809 560 2872 dicta
581 2829 665 2885 sunt,
689 2810 739 2872 his
757 2809 870 2873 diebus
885 2829 958 2873 reor
972 2831 1040 2872 esse
1063 2810 1283 2895 complenda.’'
1329 2809 1406 2878 Haec

348 2934 382 2984 et
393 2922 432 2983 ab
448 2919 560 2982 eodem
575 2920 741 3004 peregrino
752 2927 784 2980 et
799 2920 838 2981 ab
849 2919 960 2984 eadem
971 2935 1114 2986 matrona
1127 2920 1219 2985 nobis
1233 2943 1307 2985 oum
1321 2943 1407 3005 mag·

348 3053 392 3094 na
401 3029 540 3092 veritatis
552 3029 753 3092 attestatione
765 3028 863 3092 relata
874 3045 959 3094 sunt.

405 3140 607 3222 Quocunque
641 3138 752 3221 spiritu
791 3138 858 3202 haec
892 3139 1041 3224 predicta
1074 3142 1215 3216 fuerunt,
1251 3164 1405 3228 magnum

345 3250 508 3314 cemimus
538 3249 677 3312 veritatis
711 3248 913 3331 principium,
944 3263 978 3314 et
1011 3265 1075 3315 tam
1109 3275 1150 3316 ex
1179 3253 1405 3318 miraculorum

344 3382 444 3446 quarn
474 3381 516 3422 ex
545 3357 734 3443 populorum
764 3358 943 3440 frequentia
972 3360 1125 3446 compleri
1151 3385 1190 3428 ea
1210 3363 1404 3449 quandoque

347 3493 436 3557 posse
456 3470 653 3555 conjicimus
676 3468 860 3553 etquidem
883 3468 923 3534 de
946 3471 1056 3557 populi
1081 3494 1238 3536 concursu
1266 3474 1401 3560 amplius

346 3581 474 3644 videtur
499 3602 566 3644 esse
605 3577 785 3646 mirandum
820 3601 916 3662 quam
950 3578 991 3644 de
1022 3582 1191 3659 miraculis,
1230 3584 1289 3648 nisi
1327 3586 1404 3670 quia

345 3704 379 3755 et
409 3691 469 3753 hoc
500 3689 603 3775 ipsum
634 3687 819 3752 miraculum
850 3702 917 3759 est:
949 3689 1025 3772 quid
1059 3694 1146 3756 enim
1174 3693 1402 3772 miraculosius,

346 3801 426 3885 quid
446 3800 629 3878 mirabilius,
652 3821 745 3882 qnam
764 3813 799 3862 ut
819 3798 983 3864 hominem
1003 3800 1097 3866 hodie
1120 3803 1260 3870 mundus
1281 3805 1401 3881 adoret,

341 3933 437 3996 quem
461 3911 525 3974 heri
547 3908 805 3986 abominabatur3
830 3907 870 3970 ad
893 3931 966 3972 cum
990 3909 1083 3974 hodie
1105 3913 1279 3999 confugiat,
1304 3937 1399 3997 quem

346 4019 415 4084 heri
431 4021 590 4106 fugiebam
614 4020 683 4104 ejus
695 4017 789 4082 hodie
799 4015 885 4102 apud
899 4019 1003 4082 Deum
1016 4019 1163 4104 imploret
1179 4025 1392 4108 patrocinium

340 4130 438 4214 cujus
467 4130 536 4195 heri
555 4128 605 4193 vel
626 4149 668 4194 ex
688 4139 927 4192 matuternensa
955 4131 1120 4212 potestatis
1133 4131 1190 4198 »vel
1210 4155 1254 4198 es
1275 4135 1401 4219 propria
