3232 5166
194 497 271 580 'cap
295 494 363 576 43]
571 514 615 556 nc
638 512 751 556 urnac.
772 491 802 556 S.
827 489 967 554 'sucum
1210 489 1247 545 81

205 663 237 728 in
256 662 311 726 illo
329 663 453 748 integra
472 683 634 726 remanere
655 683 720 724 non
744 661 855 746 potuit.
911 656 963 721 Ne
987 668 1090 721 totum
1112 653 1258 718 efflueret

205 772 288 858 quod
305 771 465 849 remansit,
482 792 586 834 ceram
600 793 706 835 rursus
721 770 875 856 opposuit.
935 765 1070 831 Videres
1089 786 1165 850 crgo
1188 785 1258 828 rem

204 881 430 958 admirabilem,
454 904 568 966 aquam
586 892 619 946 et
647 880 748 946 fundo
773 880 995 944 ascendentem
1019 898 1113 962 super
1139 889 1171 940 et
1201 895 1257 960 per

206 1015 292 1057 oram
307 992 434 1080 pyxidis
447 991 590 1078 undique
605 991 759 1057 violenter
768 990 908 1055 ebullire.
957 988 1062 1054 Ollam
1073 1006 1256 1052 succensam

205 1115 341 1187 putares,
356 1123 470 1186 aquam
486 1115 596 1166 contra
622 1101 703 1166 vires
718 1099 869 1164 elementi
880 1099 1028 1164 contrarii
1043 1098 1179 1162 retinere
1190 1119 1256 1160 non

205 1212 372 1276 valentem.
399 1213 444 1276 At
460 1213 506 1276 vir
522 1211 699 1298 pradictus,
716 1211 882 1298 physicum
899 1209 1020 1293 aliquid
1036 1210 1095 1274 hoc
1110 1230 1176 1274 esse
1189 1229 1257 1274 sus-

205 1323 335 1408 picatus,
362 1323 448 1408 quod
470 1322 618 1387 videlieet
640 1324 671 1386 vi
692 1335 724 1386 et
746 1319 887 1406 impulsu
910 1321 991 1384 aeris
1013 1319 1128 1384 inclusi
1150 1330 1255 1404 posset

204 1434 264 1498 hoc
286 1435 465 1522 contigisse,
492 1435 619 1499 sustulit
641 1433 837 1520 operculum,
860 1433 1081 1516 sublatumque
1105 1431 1257 1516 reposuit.

206 1544 359 1630 Reposito
379 1545 526 1630 operculo
546 1546 590 1610 ita
609 1568 663 1608 vas
684 1545 770 1610 idem
791 1546 830 1609 ab
841 1547 905 1609 imo
921 1567 1020 1627 usque
1036 1543 1077 1607 ad
1091 1565 1254 1606 summum

205 1655 341 1720 divisum
357 1669 414 1732 est,
435 1669 471 1720 ut
495 1678 577 1740 pene
600 1655 808 1742 grossitudini
826 1654 918 1740 digiti
937 1654 1069 1718 humani
1088 1652 1255 1716 rimaelati-

205 1765 283 1830 tudo
302 1765 494 1851 respondere
507 1766 678 1830 videretur.
717 1766 800 1832 Quae
812 1765 977 1850 resgtribus
992 1763 1032 1828 de
1048 1763 1150 1828 causis
1165 1763 1257 1826 nobis

205 1876 309 1939 extitit
319 1875 521 1951 admirabilis,
537 1876 612 1962 quia
632 1873 779 1938 videlicet
797 1873 1008 1960 plurimaefuit
1028 1872 1256 1959 spissitudinis:

205 1989 282 2072 quia
296 1987 336 2052 de
348 2000 471 2052 vetusta
481 1987 602 2052 etdura
613 1987 749 2072 fortique
761 1986 902 2064 materia,
915 1998 947 2050 et
960 1986 1035 2072 quia
1055 2006 1156 2071 quum
1171 1983 1258 2070 ligna

205 2098 299 2161 scissa
312 2097 411 2162 soleat
425 2097 611 2162 naturaliter
625 2119 707 2183 aqua
722 2097 900 2183 rejungere,
912 2096 993 2160 hice
1009 2096 1164 2160 contrario
1176 2095 1257 2158 divi-

205 2209 246 2272 sit
265 2208 433 2293 integrum.
478 2207 618 2294 Expavit
639 2207 735 2272 homo
758 2221 883 2293 stupore
906 2207 1094 2284 vehementi,
1120 2221 1152 2272 et
1173 2207 1255 2272 ultra

205 2341 298 2402 quam
314 2319 400 2383 credi
415 2332 520 2404 potest
535 2319 705 2395 admirans,
732 2319 893 2382 modicum
909 2340 999 2404 aquae
1021 2319 1108 2405 quod
1131 2341 1255 2384 reman-
1308 2385 1310 2390 ,

204 2443 285 2493 serat
300 2430 334 2493 in
348 2429 440 2494 aliam
457 2429 612 2517 pyxidem
628 2431 734 2492 statim
754 2451 827 2493 cum
845 2429 1048 2493 festinatione
1073 2429 1252 2505 transfudit,

204 2538 308 2602 sedet
327 2536 391 2618 illa,
411 2539 496 2622 quod
517 2539 605 2606 dictu
622 2560 749 2625 quoque
766 2538 907 2602 mirabile
930 2552 988 2614 est,
1005 2539 1174 2602 sanctuarii
1189 2561 1255 2602 non

207 2649 312 2712 ferens
326 2651 488 2727 virtutem,
504 2652 593 2733 quasi
608 2672 699 2736 aquae
722 2671 885 2714 excurrere
904 2649 1023 2713 volenti
1036 2648 1117 2712 viam
1133 2648 1255 2712 factura

203 2759 238 2820 in
256 2756 363 2822 medio
385 2781 452 2822 sese
468 2781 525 2843 per
544 2773 755 2824 transversum
774 2758 880 2823 lateris
906 2758 1040 2843 aperuit.
1097 2757 1255 2822 Mirabilis

204 2867 369 2931 conflictus
399 2867 549 2932 elementi
575 2881 607 2932 et
628 2869 783 2933 hominis:
820 2881 947 2932 namet
973 2867 1047 2931 huic
1073 2869 1161 2934 rimae
1178 2890 1253 2934 cum

202 2977 344 3042 remedio
380 3000 461 3042 cerae
491 3001 669 3056 occurrens
704 2979 781 3042 dum
819 3003 933 3065 aquam
957 2981 990 3042 in
1014 2979 1101 3044 aliud
1123 2980 1253 3066 pyxidis

203 3089 284 3152 latus
313 3088 455 3164 inclinat,
480 3088 601 3153 malurn
629 3089 742 3153 incidit
783 3090 866 3173 quod
892 3090 1018 3176 refugit.
1065 3091 1166 3154 Scissa
1206 3102 1254 3154 est

204 3200 291 3262 enim
321 3221 477 3263 asumma
495 3222 595 3283 usque
626 3201 784 3276 deorsum,
812 3213 845 3263 et
869 3201 993 3263 exitum
1014 3199 1134 3264 habens
1165 3201 1252 3285 prior

201 3331 259 3393 per
281 3310 388 3374 omnia
409 3310 557 3387 similem,
580 3312 728 3375 omnibus
758 3311 812 3394 qui
834 3309 965 3374 aderant
997 3310 1250 3388 admirationem,

202 3419 263 3504 ipsi
297 3439 371 3483 vero
397 3420 493 3484 etiam
523 3420 671 3484 timorem
711 3434 806 3504 atque
836 3420 991 3506 pudorem
1022 3424 1254 3508 augmentavit.

203 3530 399 3593 Instantibus
437 3529 528 3593 nobis
565 3545 598 3593 et
626 3546 758 3595 eventus
794 3532 887 3616 hujus
923 3554 1047 3596 causam
1081 3531 1251 3618 diligenter

202 3638 473 3726 investigantibus,
495 3639 575 3702 nihil
596 3652 718 3704 certum
741 3643 907 3726 apparuit3
934 3642 1165 3726 suspicantibus
1185 3651 1253 3706 tan-

202 3745 274 3809 dem
294 3747 463 3832 indignum
485 3770 552 3812 esse
577 3748 626 3811 vel
649 3750 702 3832 qui
725 3772 839 3833 aquam
861 3749 989 3825 ferebat,
1025 3750 1076 3813 vel
1107 3751 1158 3814 cui
1181 3751 1254 3814 ferri

202 3857 357 3920 debebat:
385 3881 426 3922 ne
451 3880 525 3921 vero
540 3859 622 3922 siout
648 3858 769 3942 pudore
786 3859 907 3942 plenus,
931 3862 1028 3923 itaet
1057 3882 1077 3922 a
1097 3860 1254 3925 desiderio

199 3989 258 4031 suo
281 3989 398 4032 vacuus
423 3969 533 4044 abiret,
560 3967 683 4031 duabus
705 3968 790 4052 apud
816 3990 874 4032 nos
897 3970 1039 4045 retentis,
1076 3973 1199 4034 tertiam
1222 3973 1254 4036 ei

200 4078 357 4164 pyxidem
372 4078 831 4228 commodavimuslprobaturi
846 4081 923 4164 quid
936 4082 1032 4146 etiam
1049 4081 1089 4145 de
1106 4082 1159 4146 illa
1180 4106 1254 4148 con-
