3232 5166
201 521 266 581 cap.
285 496 332 580 4.]
524 505 570 560 bn
592 509 706 560 urnac.
731 495 764 560 S.
788 487 934 558 'l'uoum
1210 482 1253 548 43

204 666 350 750 pulvinar
367 667 576 731 nihilominus
598 665 638 730 de
659 665 777 730 serico:
801 675 896 750 caput
916 658 1061 746 martyris
1082 654 1255 721 reverenda

205 799 339 862 persona
353 779 386 840 in
402 778 514 842 habitu
530 777 698 846 monachili
717 776 861 838 manibus
878 773 1017 856 utrisque
1032 768 1199 834 fulciebat:
1223 777 1255 828 et

204 887 277 952 visae
299 901 374 952 sunt
394 887 500 952 subito
522 887 652 974 virgulae
671 886 743 950 duae
765 887 804 950 ah
828 897 963 968 utroque
988 881 1135 966 martyris
1156 877 1253 941 latere

204 997 294 1080 quasi
309 996 350 1061 de
365 998 471 1084 stipite
487 1020 552 1061 uno
571 997 733 1083 pullulare,
751 1018 822 1080 quae
841 994 994 1082 paulatini
1017 994 1050 1056 in
1067 991 1165 1054 altum
1185 1011 1254 1074 por-

207 1122 299 1172 rectae
314 1109 440 1172 culmen
457 1107 596 1172 ecclesiae
607 1109 804 1194 jamjamque
821 1118 987 1192 penetrare
1001 1103 1247 1178 minabantur,et

204 1218 328 1282 stabant
343 1241 455 1282 ornnes
467 1221 498 1282 in
513 1219 658 1296 circuitu,
674 1233 706 1282 et
716 1219 922 1282 intuebantur
936 1215 1039 1300 virgas
1051 1214 1256 1278 vehementer

203 1342 379 1392 crescentes
402 1345 433 1394 et
455 1329 693 1394 admirabantur
714 1328 815 1404 valde,
839 1342 871 1392 et
893 1327 974 1392 dixit
996 1327 1051 1412 qui
1072 1325 1201 1390 sedebat
1222 1325 1255 1388 in

205 1439 315 1503 habitu
331 1441 511 1517 monachili,
529 1440 619 1504 “Viri
630 1441 748 1516 fratres,
764 1439 842 1524 quid
852 1440 941 1503 statis
961 1439 1159 1524 aspicientes,
1174 1449 1206 1500 et
1222 1436 1255 1498 in

204 1565 333 1635 aspectu
345 1553 501 1636 virgarum
514 1551 740 1616 admiramini?
759 1551 874 1614 famam
889 1549 990 1614 sancti
1002 1549 1147 1632 martyris
1160 1548 1256 1634 hujus

203 1673 236 1723 et
257 1660 388 1748 gloriam
411 1663 623 1748 praesignant:
647 1660 916 1748 quemadmodum
937 1662 1025 1724 enim
1054 1659 1176 1724 vidistis
1203 1681 1256 1724 eas

204 1785 317 1834 euntes
335 1772 368 1836 in
390 1773 516 1849 eoelum,
534 1774 624 1836 itaet
644 1773 753 1837 Sancti
772 1771 865 1856 hujus
879 1770 976 1857 gloria
991 1792 1098 1834 coram
1113 1768 1256 1833 Domino

204 1893 324 1945 crescet
359 1895 393 1946 et
428 1883 705 1968 multiplicabitur:
731 1894 874 1946 crescent
911 1899 1018 1946 autem
1057 1880 1090 1944 in
1119 1879 1255 1944 sublime

205 1991 306 2069 valde,
322 2009 535 2080 sparguntque
547 2016 651 2058 ramos
662 1995 694 2057 in
707 2015 836 2056 omnem
854 2007 978 2068 terram,
995 2005 1027 2056 et
1049 1991 1256 2078 longitudinis

205 2125 314 2166 eornm
335 2126 399 2166 non
416 2107 475 2168 erit
493 2105 597 2168 linis.”
620 2103 782 2167 Multavir
797 2103 850 2166 ille
863 2105 945 2166 circa
957 2102 1025 2168 baec
1040 2102 1156 2166 dixisse
1169 2103 1254 2166 visus

202 2225 305 2276 estet
327 2200 460 2300 dignum
484 2216 555 2278 Deo
580 2213 731 2278 Sanctum
759 2214 865 2300 dignis
886 2214 1037 2278 extulisse
1067 2217 1232 2301 praeconiis
1244 2244 1253 2293 ;

204 2321 259 2385 sed
281 2337 355 2386 aetas
379 2324 495 2388 tenella
512 2348 571 2389 nec
592 2307 775 2388 multorum·
784 2347 882 2410 capax
903 2326 956 2388 vix
974 2348 1074 2411 pauca
1090 2326 1130 2390 de
1147 2328 1254 2390 multis

204 2431 339 2496 retinere
359 2447 491 2518 poterat.
539 2433 717 2499 Revocatus
733 2435 862 2499 tandem
877 2457 957 2521 puer
972 2458 990 2498 a
1006 2458 1118 2498 somno
1133 2448 1261 2521 patrem

202 2561 295 2604 suum
310 2542 475 2608 ecclesiam
499 2544 616 2609 Christi
639 2545 726 2609 adire
751 2543 912 2609 volentem
937 2546 1080 2609 comitari
1110 2546 1253 2610 voluit*

204 2648 349 2736 Utroque
365 2653 496 2718 chorum
512 2656 663 2742 ingresso,
685 2654 766 2718 nihil
786 2677 895 2720 eorum
917 2655 1082 2718 inveniens
1101 2677 1171 2740 qnae
1187 2657 1255 2720 vid·

203 2775 280 2838 erat,
303 2764 410 2827 mirari
433 2766 539 2850 clepit,
556 2779 589 2830 et
610 2779 738 2850 aspectu
757 2765 895 2829 instabili
915 2766 1010 2852 patris
1031 2768 1172 2830 animum
1194 2769 1253 2832 sol-

203 2872 332 2938 licitare.
378 2878 530 2942 Narravit
560 2881 666 2963 itaque
680 2879 775 2964 {patri
798 2878 1005 2964 interroganti
1026 2879 1105 2968 quid
1128 2881 1252 2954 viderit,

201 2984 279 3066 quid
312 2985 468 3063 audierit;
503 2990 653 3074 cognovit
690 3003 796 3053 autem
829 3005 928 3075 pater,
961 3003 994 3054 et
1025 2991 1175 3064 intim1s†
1198 2993 1253 3056 ali-

200 3115 334 3176 quorum
365 3101 494 3162 auribus
524 3100 676 3184 praedixit,
708 3100 781 3184 quia
804 3122 938 3184 magnus
968 3115 1088 3186 martyr
1118 3104 1252 3166 surrexit

201 3204 234 3267 in
250 3205 350 3282 nobis,
364 3223 397 3272 et
413 3210 488 3292 quia
501 3231 609 3274 revera
624 3210 823 3284 exaltabitur,
834 3218 866 3272 ct
877 3209 1051 3274 elevabitur
1066 3224 1098 3274 et
1110 3211 1254 3276 sublimis

198 3315 259 3378 erit
271 3315 381 3380 valde:
405 3321 515 3404 etjam
529 3320 658 3402 quidem
674 3319 833 3384 cernimus
848 3319 933 3402 quod
950 3321 1162 3406 magnificavit
1177 3345 1252 3387 eum

201 3422 359 3487 Dominus
376 3426 407 3488 in
423 3443 597 3513 conspectu
612 3451 733 3514 regum,
746 3442 778 3492 et
788 3427 888 3492 laudis
904 3432 971 3516 ejus
987 3430 1081 3517 plena
1094 3447 1144 3495 est
1159 3446 1263 3508 terra„

243 3531 342 3597 Porro
358 3538 521 3621 quomodo
550 3539 706 3604 exaltatus
732 3539 827 3606 fuerit
848 3555 881 3604 et
910 3542 1060 3618 elevatus
1089 3544 1264 3630 gloriaque

197 3657 230 3706 et
246 3643 365 3709 honore
381 3664 550 3714 coronatus
565 3651 597 3714 in
614 3649 703 3726 coelo,
720 3651 874 3736 perpendi
895 3666 1056 3739 utcunque
1076 3657 1190 3738 poterit
1211 3680 1251 3722 ex

199 3753 321 3817 visione
337 3758 492 3839 sequenti.

201 3897 1161 3921 Nun-...mmm

1162 3916 1180 3923 .-
1184 3917 1248 3926 m..

232 3979 291 4031 Ἀ.
306 3979 373 4032 adds
391 3987 408 4012 ‘⁴
419 3983 491 4053 quod
509 3985 676 4056 importunus
696 3989 839 4041 obtinuit.''

233 4076 413 4131 liurrurs—
424 4079 515 4131 invitis
532 4083 565 4131 Α.

714 4173 730 4233 7
