3232 5166
508 585 552 632 ns
575 584 658 632 vrrs
683 565 705 630 S
742 563 885 631 Troum.
1216 569 1257 632 25

244 733 527 804 Tumultuantibus
547 740 669 806 interea
688 741 821 821 clericis,
838 737 1095 828 quibusdamque
1109 737 1257 804 iratribus

196 859 320 910 rectem
332 847 471 912 ferreum
484 849 715 916 obducentibus
731 851 858 938 iuquit:
873 850 1004 927 “Abite,
1019 848 1250 936 pusillanimes,

196 957 291 1020 sinite
316 959 446 1024 miseros
465 973 498 1024 et
527 982 631 1026 coecos
657 961 815 1026 delirare:
845 960 1049 1047 praecipimus
1074 959 1109 1024 iu
1132 960 1250 1024 virtute

200 1067 401 1146 obedieutiae,
417 1091 459 1134 ne
475 1071 590 1134 ostium
606 1070 780 1151 claudatis3
797 1093 862 1136 non
878 1071 964 1136 enim
980 1070 1074 1136 decet
1089 1070 1253 1136 ecclesiam

201 1175 420 1243 incastellari.”
478 1177 613 1244 Omissis
637 1181 734 1263 igitur
764 1181 903 1268 vesperis
933 1194 1101 1246 accurrunt
1126 1179 1256 1268 quidam

201 1289 440 1366 monachorum,
465 1303 683 1374 pastoremque
702 1312 806 1368 suum,
829 1290 906 1356 licet
928 1292 1131 1372 renitentem,
1156 1291 1255 1356 iutro-

200 1396 354 1462 ducentes
376 1398 488 1463 clausis
505 1399 647 1466 ecclesiae
670 1400 765 1465 valvis
780 1400 886 1465 hostes
900 1401 1053 1465 festinant
1074 1399 1254 1465 excludere.

204 1507 378 1594 Regressus
393 1523 501 1574 autem
523 1524 611 1596 peter
630 1525 756 1576 sanetus
777 1511 965 1596 quantocius
992 1511 1175 1598 increpabat
1201 1533 1255 1576 eos

200 1618 333 1685 diceus:
359 1620 553 1684 “Dimittite
584 1643 671 1686 meos
704 1621 850 1685 intrare.”
875 1621 918 1684 Et
944 1643 1111 1686 accurrens
1136 1621 1253 1686 ostium

200 1731 333 1816 aperuit,
349 1743 381 1795 et
396 1730 454 1794 hos
469 1744 501 1796 et
523 1730 593 1795 illos
613 1753 631 1794 a
646 1731 742 1794 valvis
761 1753 936 1807 removens,
957 1752 1039 1807 suos,
1056 1733 1111 1816 qui
1135 1731 1256 1796 deforis

198 1839 347 1926 luporum
377 1841 531 1905 morsibus
557 1841 659 1906 relicti
694 1842 830 1918 lucrant,
857 1842 1071 1906 sacratissimis
1106 1844 1253 1908 manibus

197 1953 262 2016 suis
277 1952 420 2016 trahebat
434 1953 468 2015 in
477 1951 651 2028 ecclesiam,
661 1951 772 2016 dicens
785 1976 793 2014 ε
804 1958 826 1992 “
836 1951 980 2028 Introite,
994 1952 1121 2018 introite
1132 1953 1243 2018 eitius?

200 2062 248 2127 Ut
262 2063 367 2128 dicere
378 2075 564 2146 possetcum
577 2062 732 2126 Domino:
752 2062 863 2137 ‘Quos
878 2062 992 2128 dedisti
1004 2062 1092 2140 mihi,
1104 2085 1169 2128 non
1184 2087 1253 2151 per-

200 2173 268 2237 didi
292 2195 333 2238 ex
358 2173 404 2238 eis
434 2173 657 2256 quemquam.'
693 2171 841 2236 Tandem
864 2194 939 2236 vero
959 2172 1099 2238 liliorum
1122 2195 1254 2240 suorum

207 2283 358 2348 instantia
387 2283 541 2348 violenter
569 2281 645 2346 inde
674 2281 857 2361 abstractus,
887 2282 1029 2348 hostibus
1058 2284 1127 2368 jam
1156 2307 1254 2372 prope

199 2394 308 2478 positis
332 2393 411 2457 ostia
435 2392 593 2478 patefacta
614 2391 751 2475 reliquit,
767 2415 808 2456 ne
824 2392 979 2478 impedito
994 2392 1120 2457 illorum
1137 2394 1250 2459 itinere

198 2505 268 2590 ejus
283 2502 490 2590 impediretur
513 2504 711 2588 martyrium,
728 2523 792 2586 quo
806 2524 839 2566 se
866 2502 979 2566 scierat
1005 2515 1038 2566 st
1061 2504 1251 2588 praedixerat

199 2615 341 2678 iuturum
357 2633 425 2675 esse
440 2611 579 2676 beatum.
616 2610 656 2674 Iu
670 2611 789 2676 iiuibus
804 2611 890 2675 enim
908 2611 1125 2675 transmarinis
1145 2612 1250 2678 adhue

199 2695 320 2810 positus
329 2723 454 2789 duobus
466 2722 642 2799 abbatibus,
656 2721 838 2785 Pontiniaci
850 2720 971 2786 scilicet
983 2734 1016 2786 et
1028 2720 1251 2788 Vallis-lucen-

197 2835 248 2910 tis,
265 2834 346 2898 sicut
361 2833 615 2918 praescripsimus
632 2852 796 2917 passurum
812 2853 845 2894 se
861 2853 928 2895 esse
945 2831 1142 2918 martyrium,
1167 2835 1250 2899 etin

199 2941 331 3006 ecclesia
343 2940 554 3006 occidendum
569 2939 734 3003 manifeste
750 2939 953 3025 praedixerat.
999 2939 1136 3025 Utrique
1152 2945 1249 3008 etiam

201 3051 388 3138 praedixerat
407 3053 442 3115 in
466 3050 617 3136 Angliam
642 3072 674 3114 ss
697 3072 764 3114 esse
789 3051 920 3127 iturum,
944 3072 1009 3114 non
1036 3063 1100 3114 tam
1125 3066 1255 3139 propter

200 3163 323 3227 domini
339 3183 430 3250 papae
444 3174 649 3248 praeceptum,
667 3182 761 3245 quam
778 3173 908 3246 propter
919 3162 1062 3248 martyrii
1076 3162 1124 3227 sui
1136 3164 1255 3230 revela-

201 3273 334 3339 tionem.

575 3493 815 3560 Fnaauauruu
848 3501 878 3561 3.

245 3708 287 3773 Et
303 3731 403 3794 quum
418 3711 466 3776 vir
484 3712 618 3778 Domini
630 3712 717 3778 illam
732 3715 843 3779 mortis
858 3715 968 3780 horam
984 3714 1058 3780 satis
1082 3714 1257 3782 declinasse

201 3819 365 3905 potuisset,
384 3821 410 3884 si
439 3821 543 3900 vellet,
569 3822 761 3888 intrantibus
787 3825 822 3888 in
845 3824 1072 3889 monasterium
1099 3825 1257 3912 praedietis

199 3927 395 4009 satellitibus,
410 3943 442 3996 et
460 3931 538 4010 aliis,
565 3931 653 3998 ‘Ubi
668 3952 716 3998 est
730 3932 783 3998 ille
808 3934 991 4021 proditori’
1011 3935 1079 4000 aliis
1099 3935 1186 4001 ‘Ubi
1207 3952 1255 4004 est

199 4039 494 4127 archiepiscopus?'
524 4042 778 4120 vociferantibus,
806 4044 908 4108 sciens
931 4056 1058 4109 sauctus
1084 4045 1119 4109 in
1142 4047 1256 4133 spiritu

199 4150 317 4226 omnia,
328 4173 400 4232 quae
409 4165 542 4216 ventura
553 4170 644 4216 eraut
659 4175 850 4238 supereum,
862 4156 998 4218 occurrit
1010 4157 1076 4220 iise
1091 4157 1252 4241 gradibus,

719 4244 739 4300 4
