3232 5166
212 554 280 616 cap.
296 529 365 612 34.]
544 529 597 592 Ds
619 545 730 593 urnac.
756 527 788 590 S.
814 525 958 592 Tuonn.
1220 528 1259 592 75

210 699 405 786 praefocatus,
418 717 515 764 manu
536 697 577 762 ad
598 709 709 785 guttur
730 699 883 782 conjecta,
903 708 989 762 tactu
1011 695 1111 760 voluit
1133 696 1266 781 probare

209 809 287 894 quid
315 821 409 874 esset.
455 807 550 872 Tunc
580 809 695 885 subito,
720 808 809 892 quasi
831 822 926 894 rupto
952 808 1086 872 interius
1112 804 1263 882 folliculo,

210 923 326 986 virtute
342 920 479 1005 quadam
494 919 603 984 divina
616 941 674 1004 per
689 941 723 983 os
744 921 812 1004 ejus
831 917 1000 1004 expulsum
1015 929 1082 983 est:
1114 918 1264 981 amaritu-

209 1031 319 1094 dinem
339 1029 505 1094 videbatur
522 1028 638 1094 babere
650 1028 786 1104 sedeam,
803 1041 835 1092 et
853 1029 1007 1094 continuo
1033 1029 1178 1105 surrexit,
1194 1029 1263 1113 pal-

209 1141 316 1224 lioque
331 1141 471 1225 projecto
486 1161 586 1223 usque
609 1139 650 1204 ad
670 1139 816 1224 martyris
839 1139 982 1204 tumbam
1002 1139 1117 1226 gratias
1137 1152 1264 1204 acturus

214 1251 371 1336 processit,
381 1250 585 1336 perfectaque
596 1261 659 1314 tam
669 1249 753 1314 oculi
765 1271 861 1333 quam
873 1251 970 1315 totius
982 1250 1119 1334 corporis
1130 1251 1263 1316 sanitate

214 1373 349 1446 recepta,
366 1381 490 1425 crucem
506 1383 525 1424 e
540 1359 673 1446 vestigio
688 1359 710 1423 J
713 1359 920 1446 erosolymam
930 1360 1034 1424 iturus
1048 1382 1105 1446 pro
1120 1363 1266 1447 martyris

213 1491 321 1535 amore
333 1470 471 1554 suscepit
479 1496 488 1548 3
501 1481 536 1534 et
554 1471 658 1534 omnis
673 1469 771 1554 plebs,
784 1483 820 1536 ut
829 1470 918 1548 vidit,
934 1471 1023 1536 dedit
1035 1471 1163 1536 laudem
1181 1472 1263 1538 Deo.

665 1717 816 1782 XXXIV.

259 1844 331 1908 Nec
359 1842 491 1906 minoris
520 1841 580 1906 fuit
609 1841 711 1904 laudis
740 1841 791 1904 vel
819 1841 937 1927 gloriae,
963 1840 1049 1925 quod
1071 1841 1105 1905 in
1136 1841 1266 1906 muliere

219 1953 355 2018 Muriele
385 1953 515 2016 nomine
555 1950 673 2015 iactum
717 1973 784 2014 esse
819 1952 1034 2037 eognovimus.
1102 1952 1268 2037 Languore

216 2065 313 2152 gravi,
323 2065 451 2129 biennio
467 2076 499 2128 et
508 2086 547 2128 eo
557 2062 701 2149 amplius,
712 2074 883 2138 attenuata,
896 2061 991 2125 unico
1002 2061 1112 2126 mortis
1127 2062 1268 2127 remedio

218 2175 319 2239 dolori
337 2197 394 2238 suo
417 2173 587 2238 terminum
619 2172 849 2257 imponendum
873 2194 940 2237 esse
963 2173 1101 2259 putabat
1147 2171 1271 2238 Videns

176 2341 181 2348 .
219 2298 325 2350 autem
339 2285 386 2348 vir
401 2287 468 2372 ejus
491 2306 563 2369 quae
584 2306 642 2369 per
660 2283 833 2370 gloriosum
857 2281 921 2346 Dei
944 2296 1117 2371 martyrem
1136 2283 1271 2371 gloriose

217 2397 346 2474 fiebant,
370 2419 459 2480 aquae
488 2395 572 2460 illius
594 2395 764 2460 salutiferae
792 2406 904 2480 potum
930 2393 1097 2480 languenti
1125 2396 1272 2482 praebuit.

221 2507 308 2573 Bibit
337 2507 499 2592 coepitque
530 2503 684 2590 paulatim
713 2526 813 2588 usque
843 2505 877 2567 in
906 2503 994 2569 diem
1020 2505 1151 2569 tertium
1180 2505 1273 2569 solito

219 2616 355 2702 amplius
375 2637 450 2678 cum
470 2613 598 2678 defectu
617 2613 731 2678 vexari.
777 2612 838 2675 Die
862 2614 955 2676 tertio
971 2635 1124 2696 eousque
1140 2614 1272 2677 morbus

220 2725 364 2803 invaluit,
386 2737 424 2788 ut
449 2724 489 2787 de
515 2723 596 2788 lecto
626 2725 845 2810 deponeretur,
871 2745 911 2787 ne
941 2738 1052 2788 contra
1080 2723 1272 2788 Christianae

222 2837 383 2924 religionis
406 2858 527 2901 morem
552 2849 726 2903 moreretur
750 2837 784 2902 in
813 2835 941 2923 plumis.
985 2838 1119 2902 Accitur
1147 2858 1273 2902 summa

221 2969 296 3013 cum
310 2947 508 3012 festinatione
524 2948 697 3034 presbyter,
714 2960 750 3012 ut
765 2949 796 3012 ei
811 2961 960 3014 extremae
975 2949 1133 3013 unctionis
1148 2949 1274 3035 impen-

220 3056 310 3123 deret
339 3057 537 3144 obsequium.
585 3055 632 3121 At
662 3056 716 3121 illa
740 3080 780 3121 ex
812 3058 971 3144 insperato
1001 3080 1154 3122 nauseam
1186 3080 1277 3143 passa

221 3169 325 3232 morbi
346 3169 509 3232 materiam
528 3167 632 3253 ejecit,
653 3179 685 3231 et
707 3179 772 3232 toto
793 3167 847 3232 illo
868 3166 919 3231 die
941 3189 999 3252 per
1014 3167 1164 3232 horarum
1180 3168 1276 3232 inter-

222 3278 303 3342 valla
340 3300 465 3342 vomere
495 3300 561 3342 non
592 3278 729 3342 cessavit.
777 3278 983 3364 Compertum
1013 3292 1060 3342 est
1085 3279 1182 3366 igitur
1207 3301 1279 3343 eam

220 3386 377 3474 lapillulos
400 3387 515 3452 multos
537 3387 628 3452 valde
651 3408 832 3452 cerasorum
855 3409 1029 3473 prunorum
1052 3401 1085 3453 et
1097 3389 1277 3454 osculorum

218 3498 357 3583 integros
373 3499 521 3584 ejecisse:
555 3497 726 3562 nonnullos
747 3496 856 3562 etiam
869 3498 903 3562 in
928 3499 1112 3585 refrigerato
1135 3499 1277 3564 mulieris

221 3609 384 3675 stomacho
404 3609 621 3696 germinasse:
659 3631 795 3695 quorum
819 3609 963 3674 nonnulli
986 3625 1017 3674 et
1039 3611 1129 3675 nobis
1158 3613 1281 3677 ostensi

222 3733 296 3785 sunt
320 3720 394 3784 satis
419 3740 579 3805 superque
603 3716 831 3784 admirantibus
857 3718 907 3784 vel
933 3720 1019 3803 quod
1047 3721 1159 3784 mulier
1189 3727 1278 3785 tanto

222 3831 371 3915 temporis
385 3829 551 3895 intervallo
559 3831 719 3894 fruetuum
731 3829 954 3915 praedictorum
963 3829 1085 3917 lapillos
1114 3831 1149 3894 in
1163 3841 1278 3896 stoma-

220 3946 281 4016 cho
289 3947 472 4032 gestaverit,
488 3945 538 4010 vel
553 3944 640 4030 quod
655 3944 755 4031 lapilli
770 3945 804 4008 in
814 3945 977 4009 stomacho
991 3967 1122 4032 germen
1137 3945 1277 4031 proferre

220 4067 402 4141 potuerunt.
449 4054 521 4120 Nec
544 4054 689 4134 dubium,
714 4055 790 4139 quin
813 4067 949 4120 mortem
970 4055 1152 4142 languentis
1173 4068 1278 4124 matu·

224 4177 355 4242 rassent‚
373 4165 434 4234 nisi
450 4165 551 4231 saneti
567 4165 696 4248 liquoris
706 4165 792 4248 potio
804 4165 1017 4232 succurrisset.
1064 4166 1219 4232 Alleviata
1231 4182 1279 4234 est
