<?xml version="1.0" encoding="UTF-8"?>
<!DOCTYPE html PUBLIC "-//W3C//DTD XHTML 1.0 Transitional//EN"
    "http://www.w3.org/TR/xhtml1/DTD/xhtml1-transitional.dtd">
<html xmlns="http://www.w3.org/1999/xhtml" xml:lang="en" lang="en">
 <head>
  <title>
</title>
<meta http-equiv="Content-Type" content="text/html;charset=utf-8" />
  <meta name='ocr-system' content='tesseract 3.04.00' />
  <meta name='ocr-capabilities' content='ocr_page ocr_carea ocr_par ocr_line ocrx_word'/>
</head>
<body>
  <div class='ocr_page' id='page_1' title='image "benedictiabbati00loewgoog_0053.png"; bbox 0 0 3232 5166; ppageno 0'>
   <div class='ocr_carea' id='block_1_1' title="bbox 219 545 1276 631">
    <p class='ocr_par' dir='ltr' id='par_1_1' title="bbox 219 545 1276 631">
     <span class='ocr_line' id='line_1_1' title="bbox 219 545 1276 631; baseline 0.001 -23"><span class='ocrx_word' id='word_1_1' title='bbox 219 569 285 631; x_wconf 82' lang='lat' dir='ltr'><strong>cap.</strong></span> <span class='ocrx_word' id='word_1_2' title='bbox 304 549 350 631; x_wconf 85' lang='lat'><strong>7.]</strong></span> <span class='ocrx_word' id='word_1_3' title='bbox 559 568 604 611; x_wconf 71' lang='lat' dir='ltr'><strong>rra</strong></span> <span class='ocrx_word' id='word_1_4' title='bbox 618 567 730 612; x_wconf 76' lang='lat' dir='ltr'><strong>urnac.</strong></span> <span class='ocrx_word' id='word_1_5' title='bbox 750 549 782 610; x_wconf 82' lang='lat' dir='ltr'><strong>S.</strong></span> <span class='ocrx_word' id='word_1_6' title='bbox 799 545 940 610; x_wconf 73' lang='lat' dir='ltr'><strong>Tuoum.</strong></span> <span class='ocrx_word' id='word_1_7' title='bbox 1232 547 1276 609; x_wconf 77' lang='lat' dir='ltr'><strong>tr</strong></span> 
     </span>
    </p>
   </div>
   <div class='ocr_carea' id='block_1_2' title="bbox 163 713 1281 4217">
    <p class='ocr_par' dir='ltr' id='par_1_2' title="bbox 163 713 1281 4217">
     <span class='ocr_line' id='line_1_2' title="bbox 220 713 1279 803; baseline -0.003 -25"><span class='ocrx_word' id='word_1_8' title='bbox 220 717 321 780; x_wconf 90' lang='lat' dir='ltr'><strong>tinere</strong></span> <span class='ocrx_word' id='word_1_9' title='bbox 351 739 543 782; x_wconf 83' lang='lat' dir='ltr'><strong>moerorem:</strong></span> <span class='ocrx_word' id='word_1_10' title='bbox 579 718 645 796; x_wconf 84' lang='lat' dir='ltr'><strong>scd,</strong></span> <span class='ocrx_word' id='word_1_11' title='bbox 669 717 937 803; x_wconf 82' lang='lat' dir='ltr'><strong>quemadmodum</strong></span> <span class='ocrx_word' id='word_1_12' title='bbox 971 729 1071 780; x_wconf 86' lang='lat' dir='ltr'><strong>mater</strong></span> <span class='ocrx_word' id='word_1_13' title='bbox 1094 713 1279 778; x_wconf 89' lang='lat' dir='ltr'><strong>consolatur</strong></span> 
     </span>
     <span class='ocr_line' id='line_1_3' title="bbox 163 823 1279 914; baseline -0.003 -26"><span class='ocrx_word' id='word_1_14' title='bbox 163 845 164 848; x_wconf 71' lang='grc'>’</span> <span class='ocrx_word' id='word_1_15' title='bbox 220 825 302 890; x_wconf 87' lang='lat' dir='ltr'><strong>filios</strong></span> <span class='ocrx_word' id='word_1_16' title='bbox 324 849 406 903; x_wconf 84' lang='lat' dir='ltr'><strong>auos,</strong></span> <span class='ocrx_word' id='word_1_17' title='bbox 423 828 467 891; x_wconf 93' lang='lat' dir='ltr'><strong>ita</strong></span> <span class='ocrx_word' id='word_1_18' title='bbox 488 843 520 892; x_wconf 89' lang='lat' dir='ltr'><strong>et</strong></span> <span class='ocrx_word' id='word_1_19' title='bbox 543 828 610 914; x_wconf 87' lang='lat' dir='ltr'><strong>ipse</strong></span> <span class='ocrx_word' id='word_1_20' title='bbox 630 828 809 892; x_wconf 83' lang='lat' dir='ltr'>consolatus</span> <span class='ocrx_word' id='word_1_21' title='bbox 832 842 879 891; x_wconf 86' lang='lat' dir='ltr'><strong>est</strong></span> <span class='ocrx_word' id='word_1_22' title='bbox 895 849 968 890; x_wconf 90' lang='lat' dir='ltr'><strong>eum</strong></span> <span class='ocrx_word' id='word_1_23' title='bbox 985 840 1016 890; x_wconf 92' lang='lat' dir='ltr'><strong>et</strong></span> <span class='ocrx_word' id='word_1_24' title='bbox 1032 825 1192 890; x_wconf 84' lang='lat' dir='ltr'><strong>tristitiam</strong></span> <span class='ocrx_word' id='word_1_25' title='bbox 1206 823 1279 908; x_wconf 85' lang='lat' dir='ltr'><strong>ejus</strong></span> 
     </span>
     <span class='ocr_line' id='line_1_4' title="bbox 220 932 1276 1022; baseline -0.005 -23"><span class='ocrx_word' id='word_1_26' title='bbox 220 937 375 1000; x_wconf 89' lang='lat' dir='ltr'><strong>convertit</strong></span> <span class='ocrx_word' id='word_1_27' title='bbox 385 937 417 999; x_wconf 90' lang='lat' dir='ltr'><strong>in</strong></span> <span class='ocrx_word' id='word_1_28' title='bbox 429 937 603 1022; x_wconf 82' lang='lat' dir='ltr'><strong>gaudium:</strong></span> <span class='ocrx_word' id='word_1_29' title='bbox 628 937 839 1000; x_wconf 80' lang='lat' dir='ltr'><strong>dormientem</strong></span> <span class='ocrx_word' id='word_1_30' title='bbox 857 937 976 1022; x_wconf 79' lang='lat' dir='ltr'><strong>quippe</strong></span> <span class='ocrx_word' id='word_1_31' title='bbox 991 935 1138 1010; x_wconf 85' lang='lat' dir='ltr'><strong>visitavit,</strong></span> <span class='ocrx_word' id='word_1_32' title='bbox 1152 947 1184 998; x_wconf 91' lang='lat' dir='ltr'><strong>et</strong></span> <span class='ocrx_word' id='word_1_33' title='bbox 1195 932 1276 1017; x_wconf 89' lang='lat' dir='ltr'><strong>psal-</strong></span> 
     </span>
     <span class='ocr_line' id='line_1_5' title="bbox 219 1044 1279 1134; baseline -0.004 -24"><span class='ocrx_word' id='word_1_34' title='bbox 219 1069 273 1110; x_wconf 90' lang='lat' dir='ltr'><strong>mo</strong></span> <span class='ocrx_word' id='word_1_35' title='bbox 304 1049 570 1133; x_wconf 82' lang='lat' dir='ltr'><strong>quinquagesimo</strong></span> <span class='ocrx_word' id='word_1_36' title='bbox 591 1048 727 1134; x_wconf 84' lang='lat' dir='ltr'><strong>incepto,</strong></span> <span class='ocrx_word' id='word_1_37' title='bbox 751 1060 787 1110; x_wconf 93' lang='lat' dir='ltr'><strong>ut</strong></span> <span class='ocrx_word' id='word_1_38' title='bbox 809 1069 917 1110; x_wconf 87' lang='lat' dir='ltr'><strong>secum</strong></span> <span class='ocrx_word' id='word_1_39' title='bbox 942 1059 1043 1109; x_wconf 88' lang='lat' dir='ltr'><strong>oraret</strong></span> <span class='ocrx_word' id='word_1_40' title='bbox 1066 1044 1279 1108; x_wconf 87' lang='lat' dir='ltr'><strong>commonuit.</strong></span> 
     </span>
     <span class='ocr_line' id='line_1_6' title="bbox 221 1153 1278 1243; baseline -0.005 -23"><span class='ocrx_word' id='word_1_41' title='bbox 221 1157 293 1220; x_wconf 87' lang='lat' dir='ltr'><strong>Jam</strong></span> <span class='ocrx_word' id='word_1_42' title='bbox 316 1157 456 1243; x_wconf 87' lang='lat' dir='ltr'><strong>psalmus</strong></span> <span class='ocrx_word' id='word_1_43' title='bbox 471 1157 632 1221; x_wconf 71' lang='lat' dir='ltr'><strong>alternatis</strong></span> <span class='ocrx_word' id='word_1_44' title='bbox 647 1157 789 1221; x_wconf 89' lang='lat' dir='ltr'><strong>versibus</strong></span> <span class='ocrx_word' id='word_1_45' title='bbox 812 1157 895 1219; x_wconf 89' lang='lat' dir='ltr'><strong>trahi</strong></span> <span class='ocrx_word' id='word_1_46' title='bbox 912 1155 1078 1220; x_wconf 88' lang='lat' dir='ltr'><strong>videbatur</strong></span> <span class='ocrx_word' id='word_1_47' title='bbox 1099 1153 1141 1218; x_wconf 88' lang='lat' dir='ltr'><strong>ad</strong></span> <span class='ocrx_word' id='word_1_48' title='bbox 1164 1155 1278 1230; x_wconf 86' lang='lat' dir='ltr'><strong>finem,</strong></span> 
     </span>
     <span class='ocr_line' id='line_1_7' title="bbox 220 1265 1277 1354; baseline -0.004 -24"><span class='ocrx_word' id='word_1_49' title='bbox 220 1289 321 1352; x_wconf 87' lang='lat' dir='ltr'><strong>quum</strong></span> <span class='ocrx_word' id='word_1_50' title='bbox 340 1281 468 1331; x_wconf 89' lang='lat' dir='ltr'><strong>sanctus</strong></span> <span class='ocrx_word' id='word_1_51' title='bbox 483 1268 635 1354; x_wconf 87' lang='lat' dir='ltr'><strong>paulatim</strong></span> <span class='ocrx_word' id='word_1_52' title='bbox 651 1267 816 1353; x_wconf 80' lang='lat' dir='ltr'><strong>elongatus</strong></span> <span class='ocrx_word' id='word_1_53' title='bbox 833 1267 921 1351; x_wconf 88' lang='lat' dir='ltr'><strong>quasi</strong></span> <span class='ocrx_word' id='word_1_54' title='bbox 937 1266 1119 1330; x_wconf 85' lang='lat' dir='ltr'><strong>minabatur</strong></span> <span class='ocrx_word' id='word_1_55' title='bbox 1134 1265 1277 1328; x_wconf 88' lang='lat' dir='ltr'><strong>abscess-</strong></span> 
     </span>
     <span class='ocr_line' id='line_1_8' title="bbox 218 1375 1277 1463; baseline -0.002 -24"><span class='ocrx_word' id='word_1_56' title='bbox 218 1399 284 1453; x_wconf 91' lang='lat' dir='ltr'><strong>nm,</strong></span> <span class='ocrx_word' id='word_1_57' title='bbox 301 1376 399 1462; x_wconf 84' lang='lat' dir='ltr'><strong>ejulat</strong></span> <span class='ocrx_word' id='word_1_58' title='bbox 413 1377 465 1440; x_wconf 89' lang='lat' dir='ltr'><strong>ille</strong></span> <span class='ocrx_word' id='word_1_59' title='bbox 480 1400 553 1442; x_wconf 87' lang='lat' dir='ltr'><strong>mox</strong></span> <span class='ocrx_word' id='word_1_60' title='bbox 567 1392 602 1441; x_wconf 91' lang='lat' dir='ltr'><strong>ut</strong></span> <span class='ocrx_word' id='word_1_61' title='bbox 612 1377 757 1454; x_wconf 84' lang='lat' dir='ltr'><strong>advertit,</strong></span> <span class='ocrx_word' id='word_1_62' title='bbox 771 1391 804 1442; x_wconf 91' lang='lat' dir='ltr'><strong>et</strong></span> <span class='ocrx_word' id='word_1_63' title='bbox 820 1377 927 1462; x_wconf 89' lang='lat' dir='ltr'><strong>majori</strong></span> <span class='ocrx_word' id='word_1_64' title='bbox 939 1392 1081 1463; x_wconf 73' lang='lat' dir='ltr'><strong>paternae</strong></span> <span class='ocrx_word' id='word_1_65' title='bbox 1096 1375 1277 1462; x_wconf 73' lang='lat' dir='ltr'><strong>praesentiae</strong></span> 
     </span>
     <span class='ocr_line' id='line_1_9' title="bbox 217 1484 1273 1572; baseline -0.004 -20"><span class='ocrx_word' id='word_1_66' title='bbox 217 1488 374 1552; x_wconf 91' lang='lat' dir='ltr'><strong>desiderio</strong></span> <span class='ocrx_word' id='word_1_67' title='bbox 404 1511 564 1564; x_wconf 76' lang='lat' dir='ltr'><strong>accensae,</strong></span> <span class='ocrx_word' id='word_1_68' title='bbox 596 1487 734 1551; x_wconf 85' lang='lat' dir='ltr'><strong>lacrimis</strong></span> <span class='ocrx_word' id='word_1_69' title='bbox 763 1509 838 1551; x_wconf 89' lang='lat' dir='ltr'><strong>eum</strong></span> <span class='ocrx_word' id='word_1_70' title='bbox 861 1488 975 1572; x_wconf 84' lang='lat' dir='ltr'><strong>satagit</strong></span> <span class='ocrx_word' id='word_1_71' title='bbox 998 1487 1146 1550; x_wconf 90' lang='lat' dir='ltr'><strong>retinere.</strong></span> <span class='ocrx_word' id='word_1_72' title='bbox 1172 1484 1273 1549; x_wconf 88' lang='lat' dir='ltr'><strong>Redit</strong></span> 
     </span>
     <span class='ocr_line' id='line_1_10' title="bbox 218 1594 1276 1684; baseline -0.004 -23"><span class='ocrx_word' id='word_1_73' title='bbox 218 1611 317 1684; x_wconf 89' lang='lat' dir='ltr'><strong>pater,</strong></span> <span class='ocrx_word' id='word_1_74' title='bbox 334 1597 424 1683; x_wconf 85' lang='lat' dir='ltr'><strong>quasi</strong></span> <span class='ocrx_word' id='word_1_75' title='bbox 436 1597 580 1681; x_wconf 88' lang='lat' dir='ltr'><strong>plorante</strong></span> <span class='ocrx_word' id='word_1_76' title='bbox 592 1595 659 1660; x_wconf 85' lang='lat' dir='ltr'><strong>filio</strong></span> <span class='ocrx_word' id='word_1_77' title='bbox 672 1612 860 1672; x_wconf 90' lang='lat' dir='ltr'><strong>commotus,</strong></span> <span class='ocrx_word' id='word_1_78' title='bbox 872 1610 905 1660; x_wconf 91' lang='lat' dir='ltr'><strong>et</strong></span> <span class='ocrx_word' id='word_1_79' title='bbox 917 1597 961 1660; x_wconf 90' lang='lat' dir='ltr'><strong>ait</strong></span> <span class='ocrx_word' id='word_1_80' title='bbox 984 1605 1004 1634; x_wconf 93' lang='lat'><strong>“</strong></span> <span class='ocrx_word' id='word_1_81' title='bbox 1017 1595 1117 1671; x_wconf 82' lang='lat' dir='ltr'><strong>Quid,</strong></span> <span class='ocrx_word' id='word_1_82' title='bbox 1133 1594 1189 1670; x_wconf 91' lang='lat' dir='ltr'><strong>fili,</strong></span> <span class='ocrx_word' id='word_1_83' title='bbox 1207 1594 1276 1658; x_wconf 86' lang='lat' dir='ltr'><strong>tris·</strong></span> 
     </span>
     <span class='ocr_line' id='line_1_11' title="bbox 218 1703 1278 1790; baseline -0.004 -18"><span class='ocrx_word' id='word_1_84' title='bbox 218 1709 318 1772; x_wconf 79' lang='lat' dir='ltr'><strong>tarisl</strong></span> <span class='ocrx_word' id='word_1_85' title='bbox 351 1707 417 1770; x_wconf 88' lang='lat' dir='ltr'><strong>noli</strong></span> <span class='ocrx_word' id='word_1_86' title='bbox 438 1707 616 1771; x_wconf 86' lang='lat' dir='ltr'><strong>contristari</strong></span> <span class='ocrx_word' id='word_1_87' title='bbox 637 1720 670 1770; x_wconf 91' lang='lat' dir='ltr'><strong>et</strong></span> <span class='ocrx_word' id='word_1_88' title='bbox 691 1721 822 1772; x_wconf 84' lang='lat' dir='ltr'><strong>moestus</strong></span> <span class='ocrx_word' id='word_1_89' title='bbox 846 1729 926 1782; x_wconf 89' lang='lat' dir='ltr'><strong>esse,</strong></span> <span class='ocrx_word' id='word_1_90' title='bbox 942 1706 998 1770; x_wconf 85' lang='lat' dir='ltr'><strong>sed</strong></span> <span class='ocrx_word' id='word_1_91' title='bbox 1013 1707 1119 1790; x_wconf 89' lang='lat' dir='ltr'><strong>potius</strong></span> <span class='ocrx_word' id='word_1_92' title='bbox 1133 1703 1278 1768; x_wconf 87' lang='lat' dir='ltr'><strong>adolere</strong></span> 
     </span>
     <span class='ocr_line' id='line_1_12' title="bbox 219 1814 1276 1904; baseline -0.007 -21"><span class='ocrx_word' id='word_1_93' title='bbox 219 1832 377 1902; x_wconf 90' lang='lat' dir='ltr'><strong>tempera:</strong></span> <span class='ocrx_word' id='word_1_94' title='bbox 403 1841 477 1882; x_wconf 88' lang='lat' dir='ltr'><strong>nam</strong></span> <span class='ocrx_word' id='word_1_95' title='bbox 495 1819 679 1904; x_wconf 85' lang='lat' dir='ltr'><strong>priusquam</strong></span> <span class='ocrx_word' id='word_1_96' title='bbox 694 1819 792 1881; x_wconf 89' lang='lat' dir='ltr'><strong>finem</strong></span> <span class='ocrx_word' id='word_1_97' title='bbox 808 1829 912 1880; x_wconf 90' lang='lat' dir='ltr'><strong>sumat</strong></span> <span class='ocrx_word' id='word_1_98' title='bbox 935 1817 1111 1900; x_wconf 87' lang='lat' dir='ltr'><strong>septimana</strong></span> <span class='ocrx_word' id='word_1_99' title='bbox 1128 1814 1276 1900; x_wconf 86' lang='lat' dir='ltr'><strong>septima,</strong></span> 
     </span>
     <span class='ocr_line' id='line_1_13' title="bbox 218 1926 1276 2015; baseline -0.007 -21"><span class='ocrx_word' id='word_1_100' title='bbox 218 1952 359 1994; x_wconf 85' lang='lat' dir='ltr'><strong>rumores</strong></span> <span class='ocrx_word' id='word_1_101' title='bbox 382 1929 517 2015; x_wconf 85' lang='lat' dir='ltr'><strong>accipies</strong></span> <span class='ocrx_word' id='word_1_102' title='bbox 548 1930 635 1994; x_wconf 90' lang='lat' dir='ltr'><strong>unde</strong></span> <span class='ocrx_word' id='word_1_103' title='bbox 666 1952 729 1993; x_wconf 91' lang='lat' dir='ltr'><strong>non</strong></span> <span class='ocrx_word' id='word_1_104' title='bbox 753 1928 958 1992; x_wconf 86' lang='lat' dir='ltr'><strong>mediocriter</strong></span> <span class='ocrx_word' id='word_1_105' title='bbox 987 1926 1163 1990; x_wconf 86' lang='lat' dir='ltr'><strong>exultabis:</strong></span> <span class='ocrx_word' id='word_1_106' title='bbox 1188 1947 1276 1988; x_wconf 91' lang='lat' dir='ltr'><strong>cessa</strong></span> 
     </span>
     <span class='ocr_line' id='line_1_14' title="bbox 217 2037 1275 2126; baseline -0.004 -22"><span class='ocrx_word' id='word_1_107' title='bbox 217 2041 314 2126; x_wconf 86' lang='lat' dir='ltr'><strong>igitur</strong></span> <span class='ocrx_word' id='word_1_108' title='bbox 334 2063 352 2104; x_wconf 88' lang='lat' dir='ltr'><strong>a</strong></span> <span class='ocrx_word' id='word_1_109' title='bbox 368 2062 511 2117; x_wconf 72' lang='lat' dir='ltr'><strong>moerore,</strong></span> <span class='ocrx_word' id='word_1_110' title='bbox 527 2053 561 2104; x_wconf 91' lang='lat' dir='ltr'><strong>et</strong></span> <span class='ocrx_word' id='word_1_111' title='bbox 574 2039 648 2104; x_wconf 86' lang='lat' dir='ltr'><strong>forti</strong></span> <span class='ocrx_word' id='word_1_112' title='bbox 663 2039 773 2102; x_wconf 89' lang='lat' dir='ltr'><strong>animo</strong></span> <span class='ocrx_word' id='word_1_113' title='bbox 786 2053 855 2103; x_wconf 90' lang='lat' dir='ltr'><strong>esto</strong></span> <span class='ocrx_word' id='word_1_114' title='bbox 871 2039 946 2123; x_wconf 87' lang='lat' dir='ltr'><strong>qnia</strong></span> <span class='ocrx_word' id='word_1_115' title='bbox 961 2039 993 2101; x_wconf 91' lang='lat' dir='ltr'><strong>in</strong></span> <span class='ocrx_word' id='word_1_116' title='bbox 1010 2037 1157 2122; x_wconf 86' lang='lat' dir='ltr'><strong>proximo</strong></span> <span class='ocrx_word' id='word_1_117' title='bbox 1172 2047 1220 2098; x_wconf 91' lang='lat' dir='ltr'><strong>est</strong></span> <span class='ocrx_word' id='word_1_118' title='bbox 1237 2047 1275 2100; x_wconf 91' lang='lat' dir='ltr'><strong>ut</strong></span> 
     </span>
     <span class='ocr_line' id='line_1_15' title="bbox 217 2147 1268 2234; baseline -0.008 -19"><span class='ocrx_word' id='word_1_119' title='bbox 217 2150 467 2215; x_wconf 88' lang='lat' dir='ltr'><strong>consolationem</strong></span> <span class='ocrx_word' id='word_1_120' title='bbox 497 2149 660 2234; x_wconf 88' lang='lat' dir='ltr'><strong>accipias.”</strong></span> <span class='ocrx_word' id='word_1_121' title='bbox 708 2150 788 2213; x_wconf 86' lang='lat' dir='ltr'><strong>Haec</strong></span> <span class='ocrx_word' id='word_1_122' title='bbox 818 2150 918 2212; x_wconf 91' lang='lat' dir='ltr'><strong>sancti</strong></span> <span class='ocrx_word' id='word_1_123' title='bbox 947 2147 1113 2233; x_wconf 90' lang='lat' dir='ltr'><strong>promissio</strong></span> <span class='ocrx_word' id='word_1_124' title='bbox 1146 2158 1268 2231; x_wconf 91' lang='lat' dir='ltr'><strong>quanta</strong></span> 
     </span>
     <span class='ocr_line' id='line_1_16' title="bbox 216 2254 1275 2341; baseline -0.003 -19"><span class='ocrx_word' id='word_1_125' title='bbox 216 2259 348 2322; x_wconf 79' lang='lat' dir='ltr'><strong>veritate</strong></span> <span class='ocrx_word' id='word_1_126' title='bbox 370 2259 507 2322; x_wconf 86' lang='lat' dir='ltr'><strong>subnixa</strong></span> <span class='ocrx_word' id='word_1_127' title='bbox 525 2259 675 2335; x_wconf 83' lang='lat' dir='ltr'><strong>extiterit,</strong></span> <span class='ocrx_word' id='word_1_128' title='bbox 686 2257 886 2322; x_wconf 88' lang='lat' dir='ltr'><strong>hebdomada</strong></span> <span class='ocrx_word' id='word_1_129' title='bbox 905 2256 1073 2335; x_wconf 88' lang='lat' dir='ltr'><strong>Paschalis‚</strong></span> <span class='ocrx_word' id='word_1_130' title='bbox 1085 2279 1154 2341; x_wconf 86' lang='lat' dir='ltr'><strong>quae</strong></span> <span class='ocrx_word' id='word_1_131' title='bbox 1170 2256 1209 2320; x_wconf 90' lang='lat' dir='ltr'><strong>ab</strong></span> <span class='ocrx_word' id='word_1_132' title='bbox 1220 2254 1275 2319; x_wconf 94' lang='lat' dir='ltr'><strong>illo</strong></span> 
     </span>
     <span class='ocr_line' id='line_1_17' title="bbox 216 2367 1275 2454; baseline -0.005 -20"><span class='ocrx_word' id='word_1_133' title='bbox 216 2370 268 2434; x_wconf 90' lang='lat' dir='ltr'><strong>die</strong></span> <span class='ocrx_word' id='word_1_134' title='bbox 285 2385 396 2454; x_wconf 88' lang='lat' dir='ltr'><strong>quarta</strong></span> <span class='ocrx_word' id='word_1_135' title='bbox 410 2369 472 2433; x_wconf 81' lang='lat' dir='ltr'><strong>fuit</strong></span> <span class='ocrx_word' id='word_1_136' title='bbox 487 2369 537 2432; x_wconf 90' lang='lat' dir='ltr'><strong>vel</strong></span> <span class='ocrx_word' id='word_1_137' title='bbox 554 2371 675 2452; x_wconf 88' lang='lat' dir='ltr'><strong>quinta,</strong></span> <span class='ocrx_word' id='word_1_138' title='bbox 692 2369 858 2433; x_wconf 83' lang='lat' dir='ltr'><strong>manifeste</strong></span> <span class='ocrx_word' id='word_1_139' title='bbox 880 2369 955 2432; x_wconf 89' lang='lat' dir='ltr'><strong>satis</strong></span> <span class='ocrx_word' id='word_1_140' title='bbox 978 2367 1212 2452; x_wconf 87' lang='lat' dir='ltr'><strong>comprobavit:</strong></span> <span class='ocrx_word' id='word_1_141' title='bbox 1237 2387 1275 2430; x_wconf 88' lang='lat' dir='ltr'><strong>ea</strong></span> 
     </span>
     <span class='ocr_line' id='line_1_18' title="bbox 217 2478 1278 2562; baseline -0.005 -18"><span class='ocrx_word' id='word_1_142' title='bbox 217 2481 305 2544; x_wconf 90' lang='lat' dir='ltr'><strong>enim</strong></span> <span class='ocrx_word' id='word_1_143' title='bbox 321 2479 521 2544; x_wconf 88' lang='lat' dir='ltr'><strong>hebdomada</strong></span> <span class='ocrx_word' id='word_1_144' title='bbox 533 2480 698 2543; x_wconf 76' lang='lat' dir='ltr'><strong>manifeste</strong></span> <span class='ocrx_word' id='word_1_145' title='bbox 710 2499 784 2542; x_wconf 91' lang='lat' dir='ltr'><strong>sunt</strong></span> <span class='ocrx_word' id='word_1_146' title='bbox 797 2479 1005 2562; x_wconf 90' lang='lat' dir='ltr'><strong>multiplicata</strong></span> <span class='ocrx_word' id='word_1_147' title='bbox 1019 2478 1179 2552; x_wconf 88' lang='lat' dir='ltr'><strong>miracula,</strong></span> <span class='ocrx_word' id='word_1_148' title='bbox 1194 2497 1278 2539; x_wconf 88' lang='lat' dir='ltr'><strong>rese·</strong></span> 
     </span>
     <span class='ocr_line' id='line_1_19' title="bbox 217 2586 1279 2674; baseline -0.006 -20"><span class='ocrx_word' id='word_1_149' title='bbox 217 2606 285 2655; x_wconf 88' lang='lat' dir='ltr'><strong>rata</strong></span> <span class='ocrx_word' id='word_1_150' title='bbox 297 2591 377 2654; x_wconf 86' lang='lat' dir='ltr'><strong>ostia</strong></span> <span class='ocrx_word' id='word_1_151' title='bbox 389 2590 528 2654; x_wconf 80' lang='lat' dir='ltr'><strong>ecclesiae</strong></span> <span class='ocrx_word' id='word_1_152' title='bbox 538 2605 571 2654; x_wconf 92' lang='lat' dir='ltr'><strong>et</strong></span> <span class='ocrx_word' id='word_1_153' title='bbox 585 2589 772 2674; x_wconf 85' lang='lat' dir='ltr'><strong>languentes</strong></span> <span class='ocrx_word' id='word_1_154' title='bbox 786 2591 840 2673; x_wconf 88' lang='lat' dir='ltr'><strong>qni</strong></span> <span class='ocrx_word' id='word_1_155' title='bbox 854 2601 1067 2651; x_wconf 85' lang='lat' dir='ltr'><strong>convenerant</strong></span> <span class='ocrx_word' id='word_1_156' title='bbox 1080 2586 1118 2649; x_wconf 90' lang='lat' dir='ltr'><strong>ad</strong></span> <span class='ocrx_word' id='word_1_157' title='bbox 1133 2586 1279 2670; x_wconf 83' lang='lat' dir='ltr'><strong>martyris</strong></span> 
     </span>
     <span class='ocr_line' id='line_1_20' title="bbox 217 2694 1279 2786; baseline -0.005 -22"><span class='ocrx_word' id='word_1_158' title='bbox 217 2701 399 2786; x_wconf 85' lang='lat' dir='ltr'><strong>sepulcrum</strong></span> <span class='ocrx_word' id='word_1_159' title='bbox 420 2699 559 2775; x_wconf 89' lang='lat' dir='ltr'><strong>admissi,</strong></span> <span class='ocrx_word' id='word_1_160' title='bbox 583 2713 767 2782; x_wconf 88' lang='lat' dir='ltr'><strong>tantamque</strong></span> <span class='ocrx_word' id='word_1_161' title='bbox 791 2698 924 2783; x_wconf 81' lang='lat' dir='ltr'><strong>gratiam</strong></span> <span class='ocrx_word' id='word_1_162' title='bbox 946 2699 1119 2760; x_wconf 85' lang='lat' dir='ltr'><strong>sanitatum</strong></span> <span class='ocrx_word' id='word_1_163' title='bbox 1142 2694 1279 2760; x_wconf 79' lang='lat' dir='ltr'><strong>contulit</strong></span> 
     </span>
     <span class='ocr_line' id='line_1_21' title="bbox 217 2805 1276 2894; baseline -0.005 -19"><span class='ocrx_word' id='word_1_164' title='bbox 217 2812 375 2876; x_wconf 89' lang='lat' dir='ltr'><strong>Dominus</strong></span> <span class='ocrx_word' id='word_1_165' title='bbox 391 2811 522 2873; x_wconf 89' lang='lat' dir='ltr'><strong>infirmis</strong></span> <span class='ocrx_word' id='word_1_166' title='bbox 538 2823 573 2872; x_wconf 91' lang='lat' dir='ltr'><strong>ut</strong></span> <span class='ocrx_word' id='word_1_167' title='bbox 589 2811 723 2894; x_wconf 79' lang='lat' dir='ltr'><strong>singulis</strong></span> <span class='ocrx_word' id='word_1_168' title='bbox 739 2808 851 2871; x_wconf 89' lang='lat' dir='ltr'><strong>diebus</strong></span> <span class='ocrx_word' id='word_1_169' title='bbox 866 2807 1088 2893; x_wconf 81' lang='lat' dir='ltr'><strong>evangelicum</strong></span> <span class='ocrx_word' id='word_1_170' title='bbox 1104 2805 1184 2870; x_wconf 90' lang='lat' dir='ltr'><strong>illud</strong></span> <span class='ocrx_word' id='word_1_171' title='bbox 1200 2828 1276 2870; x_wconf 88' lang='lat' dir='ltr'><strong>cum</strong></span> 
     </span>
     <span class='ocr_line' id='line_1_22' title="bbox 216 2915 1281 3006; baseline -0.005 -23"><span class='ocrx_word' id='word_1_172' title='bbox 216 2920 335 3006; x_wconf 81' lang='lat' dir='ltr'><strong>gaudio</strong></span> <span class='ocrx_word' id='word_1_173' title='bbox 355 2941 517 3005; x_wconf 88' lang='lat' dir='ltr'><strong>possemus</strong></span> <span class='ocrx_word' id='word_1_174' title='bbox 546 2916 661 2994; x_wconf 86' lang='lat' dir='ltr'><strong>dicere,</strong></span> <span class='ocrx_word' id='word_1_175' title='bbox 693 2919 769 3003; x_wconf 89' lang='lat' dir='ltr'><strong>quia</strong></span> <span class='ocrx_word' id='word_1_176' title='bbox 792 2915 960 2981; x_wconf 89' lang='lat' dir='ltr'><strong>‘Vidimus</strong></span> <span class='ocrx_word' id='word_1_177' title='bbox 981 2916 1136 2981; x_wconf 87' lang='lat' dir='ltr'><strong>mirabilia</strong></span> <span class='ocrx_word' id='word_1_178' title='bbox 1157 2915 1281 2980; x_wconf 89' lang='lat' dir='ltr'><strong>hodie.&#39;</strong></span> 
     </span>
     <span class='ocr_line' id='line_1_23' title="bbox 218 3026 1277 3116; baseline -0.005 -23"><span class='ocrx_word' id='word_1_179' title='bbox 218 3030 315 3093; x_wconf 88' lang='lat' dir='ltr'><strong>Plura</strong></span> <span class='ocrx_word' id='word_1_180' title='bbox 334 3043 440 3093; x_wconf 88' lang='lat' dir='ltr'><strong>tamen</strong></span> <span class='ocrx_word' id='word_1_181' title='bbox 461 3029 550 3116; x_wconf 83' lang='lat' dir='ltr'><strong>signa</strong></span> <span class='ocrx_word' id='word_1_182' title='bbox 572 3050 629 3112; x_wconf 91' lang='lat' dir='ltr'><strong>per</strong></span> <span class='ocrx_word' id='word_1_183' title='bbox 649 3028 810 3113; x_wconf 85' lang='lat' dir='ltr'><strong>Angliam‚</strong></span> <span class='ocrx_word' id='word_1_184' title='bbox 827 3028 1017 3112; x_wconf 80' lang='lat' dir='ltr'><strong>suffragante</strong></span> <span class='ocrx_word' id='word_1_185' title='bbox 1034 3041 1177 3112; x_wconf 76' lang='lat' dir='ltr'><strong>martyre,</strong></span> <span class='ocrx_word' id='word_1_186' title='bbox 1199 3026 1277 3089; x_wconf 81' lang='lat' dir='ltr'><strong>citra</strong></span> 
     </span>
     <span class='ocr_line' id='line_1_24' title="bbox 216 3135 1275 3221; baseline -0.005 -18"><span class='ocrx_word' id='word_1_187' title='bbox 216 3140 339 3204; x_wconf 87' lang='lat' dir='ltr'><strong>Pascha</strong></span> <span class='ocrx_word' id='word_1_188' title='bbox 359 3139 443 3203; x_wconf 84' lang='lat' dir='ltr'><strong>facta</strong></span> <span class='ocrx_word' id='word_1_189' title='bbox 464 3140 599 3214; x_wconf 81' lang='lat' dir='ltr'><strong>fuerant,</strong></span> <span class='ocrx_word' id='word_1_190' title='bbox 623 3161 687 3201; x_wconf 90' lang='lat' dir='ltr'><strong>non</strong></span> <span class='ocrx_word' id='word_1_191' title='bbox 712 3151 818 3201; x_wconf 89' lang='lat' dir='ltr'><strong>antem</strong></span> <span class='ocrx_word' id='word_1_192' title='bbox 841 3137 1019 3212; x_wconf 88' lang='lat' dir='ltr'><strong>manifesto,</strong></span> <span class='ocrx_word' id='word_1_193' title='bbox 1043 3137 1096 3200; x_wconf 90' lang='lat' dir='ltr'><strong>sed</strong></span> <span class='ocrx_word' id='word_1_194' title='bbox 1120 3136 1211 3221; x_wconf 87' lang='lat' dir='ltr'><strong>quasi</strong></span> <span class='ocrx_word' id='word_1_195' title='bbox 1240 3135 1275 3198; x_wconf 92' lang='lat' dir='ltr'><strong>in</strong></span> 
     </span>
     <span class='ocr_line' id='line_1_25' title="bbox 215 3246 1275 3334; baseline -0.005 -19"><span class='ocrx_word' id='word_1_196' title='bbox 215 3251 351 3327; x_wconf 91' lang='lat' dir='ltr'><strong>occulto,</strong></span> <span class='ocrx_word' id='word_1_197' title='bbox 369 3271 503 3334; x_wconf 90' lang='lat' dir='ltr'><strong>quorum</strong></span> <span class='ocrx_word' id='word_1_198' title='bbox 520 3249 664 3333; x_wconf 81' lang='lat' dir='ltr'><strong>quaedam</strong></span> <span class='ocrx_word' id='word_1_199' title='bbox 681 3261 825 3311; x_wconf 87' lang='lat' dir='ltr'><strong>recenter</strong></span> <span class='ocrx_word' id='word_1_200' title='bbox 840 3262 911 3331; x_wconf 91' lang='lat' dir='ltr'><strong>post</strong></span> <span class='ocrx_word' id='word_1_201' title='bbox 928 3247 1115 3334; x_wconf 85' lang='lat' dir='ltr'><strong>martyrium</strong></span> <span class='ocrx_word' id='word_1_202' title='bbox 1128 3246 1275 3331; x_wconf 80' lang='lat' dir='ltr'><strong>quaedam</strong></span> 
     </span>
     <span class='ocr_line' id='line_1_26' title="bbox 216 3356 1275 3446; baseline -0.005 -21"><span class='ocrx_word' id='word_1_203' title='bbox 216 3384 292 3438; x_wconf 84' lang='lat' dir='ltr'><strong>vero</strong></span> <span class='ocrx_word' id='word_1_204' title='bbox 307 3361 337 3424; x_wconf 91' lang='lat' dir='ltr'><strong>ei</strong></span> <span class='ocrx_word' id='word_1_205' title='bbox 354 3382 501 3446; x_wconf 89' lang='lat' dir='ltr'><strong>processu</strong></span> <span class='ocrx_word' id='word_1_206' title='bbox 518 3358 669 3441; x_wconf 90' lang='lat' dir='ltr'><strong>temporis</strong></span> <span class='ocrx_word' id='word_1_207' title='bbox 685 3358 773 3440; x_wconf 88' lang='lat' dir='ltr'><strong>quasi</strong></span> <span class='ocrx_word' id='word_1_208' title='bbox 788 3359 822 3420; x_wconf 87' lang='lat' dir='ltr'><strong>in</strong></span> <span class='ocrx_word' id='word_1_209' title='bbox 837 3379 911 3421; x_wconf 90' lang='lat' dir='ltr'><strong>aure</strong></span> <span class='ocrx_word' id='word_1_210' title='bbox 927 3356 1116 3432; x_wconf 68' lang='lat' dir='ltr'><strong>audivimus</strong></span> <span class='ocrx_word' id='word_1_211' title='bbox 1132 3373 1164 3421; x_wconf 91' lang='lat' dir='ltr'><strong>et</strong></span> <span class='ocrx_word' id='word_1_212' title='bbox 1180 3379 1275 3442; x_wconf 90' lang='lat' dir='ltr'><strong>super</strong></span> 
     </span>
     <span class='ocr_line' id='line_1_27' title="bbox 217 3467 1273 3554; baseline -0.007 -17"><span class='ocrx_word' id='word_1_213' title='bbox 217 3485 301 3537; x_wconf 87' lang='lat' dir='ltr'><strong>tecta</strong></span> <span class='ocrx_word' id='word_1_214' title='bbox 316 3470 507 3554; x_wconf 90' lang='lat' dir='ltr'><strong>quandoque</strong></span> <span class='ocrx_word' id='word_1_215' title='bbox 522 3469 723 3552; x_wconf 88' lang='lat' dir='ltr'><strong>praedicanda</strong></span> <span class='ocrx_word' id='word_1_216' title='bbox 739 3468 955 3554; x_wconf 85' lang='lat' dir='ltr'><strong>suscepimus:</strong></span> <span class='ocrx_word' id='word_1_217' title='bbox 987 3467 1149 3532; x_wconf 89' lang='lat' dir='ltr'><strong>noluimus</strong></span> <span class='ocrx_word' id='word_1_218' title='bbox 1164 3480 1273 3531; x_wconf 89' lang='lat' dir='ltr'><strong>autem</strong></span> 
     </span>
     <span class='ocr_line' id='line_1_28' title="bbox 216 3575 1276 3662; baseline -0.007 -16"><span class='ocrx_word' id='word_1_219' title='bbox 216 3582 322 3646; x_wconf 85' lang='lat' dir='ltr'><strong>statim</strong></span> <span class='ocrx_word' id='word_1_220' title='bbox 334 3581 411 3644; x_wconf 93' lang='lat' dir='ltr'><strong>tuba</strong></span> <span class='ocrx_word' id='word_1_221' title='bbox 420 3601 534 3643; x_wconf 89' lang='lat' dir='ltr'><strong>canere</strong></span> <span class='ocrx_word' id='word_1_222' title='bbox 544 3595 618 3642; x_wconf 86' lang='lat' dir='ltr'><strong>ante</strong></span> <span class='ocrx_word' id='word_1_223' title='bbox 628 3598 687 3641; x_wconf 90' lang='lat' dir='ltr'><strong>nos</strong></span> <span class='ocrx_word' id='word_1_224' title='bbox 701 3576 750 3640; x_wconf 88' lang='lat' dir='ltr'><strong>vel</strong></span> <span class='ocrx_word' id='word_1_225' title='bbox 767 3578 966 3662; x_wconf 85' lang='lat' dir='ltr'><strong>magnificare</strong></span> <span class='ocrx_word' id='word_1_226' title='bbox 983 3577 1133 3652; x_wconf 87' lang='lat' dir='ltr'><strong>fimbrios,</strong></span> <span class='ocrx_word' id='word_1_227' title='bbox 1146 3575 1202 3640; x_wconf 90' lang='lat' dir='ltr'><strong>sed</strong></span> <span class='ocrx_word' id='word_1_228' title='bbox 1218 3576 1276 3640; x_wconf 90' lang='lat' dir='ltr'><strong>ob·</strong></span> 
     </span>
     <span class='ocr_line' id='line_1_29' title="bbox 217 3685 1279 3770; baseline -0.008 -14"><span class='ocrx_word' id='word_1_229' title='bbox 217 3692 394 3756; x_wconf 89' lang='lat' dir='ltr'><strong>mutuimus</strong></span> <span class='ocrx_word' id='word_1_230' title='bbox 405 3703 438 3754; x_wconf 89' lang='lat' dir='ltr'><strong>et</strong></span> <span class='ocrx_word' id='word_1_231' title='bbox 449 3688 598 3752; x_wconf 87' lang='lat' dir='ltr'><strong>siluimus</strong></span> <span class='ocrx_word' id='word_1_232' title='bbox 608 3712 626 3752; x_wconf 88' lang='lat' dir='ltr'><strong>a</strong></span> <span class='ocrx_word' id='word_1_233' title='bbox 637 3687 738 3764; x_wconf 88' lang='lat' dir='ltr'><strong>bonis,</strong></span> <span class='ocrx_word' id='word_1_234' title='bbox 750 3686 852 3750; x_wconf 90' lang='lat' dir='ltr'><strong>donec</strong></span> <span class='ocrx_word' id='word_1_235' title='bbox 865 3701 1017 3751; x_wconf 88' lang='lat' dir='ltr'><strong>statueret</strong></span> <span class='ocrx_word' id='word_1_236' title='bbox 1030 3685 1192 3752; x_wconf 86' lang='lat' dir='ltr'><strong>Dominus</strong></span> <span class='ocrx_word' id='word_1_237' title='bbox 1203 3707 1279 3770; x_wconf 87' lang='lat' dir='ltr'><strong>pro·</strong></span> 
     </span>
     <span class='ocr_line' id='line_1_30' title="bbox 217 3796 1278 3906; baseline -0.007 -42"><span class='ocrx_word' id='word_1_238' title='bbox 217 3801 332 3906; x_wconf 66' lang='lat' dir='ltr'><strong>cellpm</strong></span> <span class='ocrx_word' id='word_1_239' title='bbox 345 3802 379 3864; x_wconf 89' lang='lat' dir='ltr'><strong>in</strong></span> <span class='ocrx_word' id='word_1_240' title='bbox 391 3821 511 3874; x_wconf 86' lang='lat' dir='ltr'><strong>auram,</strong></span> <span class='ocrx_word' id='word_1_241' title='bbox 522 3811 726 3883; x_wconf 85' lang='lat' dir='ltr'><strong>expectantes</strong></span> <span class='ocrx_word' id='word_1_242' title='bbox 741 3797 982 3881; x_wconf 89' lang='lat' dir='ltr'><strong>promissionem</strong></span> <span class='ocrx_word' id='word_1_243' title='bbox 997 3796 1095 3880; x_wconf 89' lang='lat' dir='ltr'><strong>patris</strong></span> <span class='ocrx_word' id='word_1_244' title='bbox 1111 3816 1206 3881; x_wconf 86' lang='lat' dir='ltr'><strong>quam</strong></span> <span class='ocrx_word' id='word_1_245' title='bbox 1220 3816 1278 3858; x_wconf 89' lang='lat' dir='ltr'><strong>au·</strong></span> 
     </span>
     <span class='ocr_line' id='line_1_31' title="bbox 217 3904 1281 3993; baseline -0.01 -15"><span class='ocrx_word' id='word_1_246' title='bbox 217 3913 298 3978; x_wconf 88' lang='lat' dir='ltr'><strong>divit</strong></span> <span class='ocrx_word' id='word_1_247' title='bbox 314 3911 426 3975; x_wconf 90' lang='lat' dir='ltr'><strong>decem</strong></span> <span class='ocrx_word' id='word_1_248' title='bbox 442 3909 534 3974; x_wconf 89' lang='lat' dir='ltr'><strong>annis</strong></span> <span class='ocrx_word' id='word_1_249' title='bbox 549 3923 623 3972; x_wconf 90' lang='lat' dir='ltr'><strong>ante</strong></span> <span class='ocrx_word' id='word_1_250' title='bbox 639 3909 786 3993; x_wconf 81' lang='lat' dir='ltr'><strong>martyris</strong></span> <span class='ocrx_word' id='word_1_251' title='bbox 806 3906 984 3989; x_wconf 86' lang='lat' dir='ltr'><strong>passionem</strong></span> <span class='ocrx_word' id='word_1_252' title='bbox 1004 3905 1190 3990; x_wconf 88' lang='lat' dir='ltr'><strong>peregrinus</strong></span> <span class='ocrx_word' id='word_1_253' title='bbox 1209 3904 1281 3987; x_wconf 92' lang='lat' dir='ltr'><strong>qui·</strong></span> 
     </span>
     <span class='ocr_line' id='line_1_32' title="bbox 216 4013 1279 4106; baseline -0.009 -20"><span class='ocrx_word' id='word_1_254' title='bbox 216 4024 294 4086; x_wconf 88' lang='lat' dir='ltr'><strong>dam</strong></span> <span class='ocrx_word' id='word_1_255' title='bbox 327 4021 484 4106; x_wconf 86' lang='lat' dir='ltr'><strong>Anglicus</strong></span> <span class='ocrx_word' id='word_1_256' title='bbox 516 4020 556 4083; x_wconf 92' lang='lat' dir='ltr'><strong>ab</strong></span> <span class='ocrx_word' id='word_1_257' title='bbox 585 4017 818 4101; x_wconf 84' lang='lat' dir='ltr'><strong>Hierosolymis</strong></span> <span class='ocrx_word' id='word_1_258' title='bbox 843 4014 970 4078; x_wconf 88' lang='lat' dir='ltr'><strong>rediens</strong></span> <span class='ocrx_word' id='word_1_259' title='bbox 994 4037 1052 4098; x_wconf 89' lang='lat' dir='ltr'><strong>per</strong></span> <span class='ocrx_word' id='word_1_260' title='bbox 1073 4037 1108 4077; x_wconf 90' lang='lat' dir='ltr'><strong>os</strong></span> <span class='ocrx_word' id='word_1_261' title='bbox 1129 4013 1279 4078; x_wconf 88' lang='lat' dir='ltr'><strong>monachi</strong></span> 
     </span>
     <span class='ocr_line' id='line_1_33' title="bbox 219 4123 1281 4217; baseline -0.009 -20"><span class='ocrx_word' id='word_1_262' title='bbox 219 4131 388 4217; x_wconf 88' lang='lat' dir='ltr'><strong>cujusdam</strong></span> <span class='ocrx_word' id='word_1_263' title='bbox 402 4131 472 4195; x_wconf 89' lang='lat' dir='ltr'><strong>urbi</strong></span> <span class='ocrx_word' id='word_1_264' title='bbox 484 4127 666 4195; x_wconf 83' lang='lat' dir='ltr'><strong>Cantuariae</strong></span> <span class='ocrx_word' id='word_1_265' title='bbox 676 4129 798 4192; x_wconf 84' lang='lat' dir='ltr'><strong>laetam.</strong></span> <span class='ocrx_word' id='word_1_266' title='bbox 814 4123 993 4190; x_wconf 86' lang='lat' dir='ltr'><strong>Videbatur</strong></span> <span class='ocrx_word' id='word_1_267' title='bbox 1007 4126 1093 4188; x_wconf 89' lang='lat' dir='ltr'><strong>enim</strong></span> <span class='ocrx_word' id='word_1_268' title='bbox 1105 4123 1281 4188; x_wconf 74' lang='lat' dir='ltr'><strong>monachus</strong></span> 
     </span>
    </p>
   </div>
   <div class='ocr_carea' id='block_1_3' title="bbox 0 0 1620 5166">
    <p class='ocr_par' dir='ltr' id='par_1_3' title="bbox 0 0 1620 5166">
     <span class='ocr_line' id='line_1_34' title="bbox 0 0 1620 5166; baseline 0 0"><span class='ocrx_word' id='word_1_269' title='bbox 0 0 1620 5166; x_wconf 95' lang='lat' dir='ltr'><strong> </strong></span> 
     </span>
    </p>
   </div>
  </div>
 </body>
</html>
