3232 5166
301 491 342 556 52
671 491 858 556 Bassorum
880 511 1021 558 nasama
1125 531 1127 542 ι
1248 499 1311 582 [aa
1330 501 1359 564 1.

301 663 483 727 testimonio
492 663 665 750 suffragari.
704 664 840 751 Propter
849 666 924 730 alios
940 679 1056 743 tamen,
1073 677 1105 730 et
1117 666 1253 730 maxime
1264 687 1357 752 prop-

300 785 348 836 ter
359 773 601 859 malignantium
611 774 863 850 obtrectationes,
874 775 914 839 de
924 775 1203 860 singulisdubitari
1219 799 1283 839 non
1293 789 1360 840 crat

300 881 423 946 inutile.
479 884 670 948 Dubitatum
686 889 762 958 est†
785 886 917 963 anobis,
933 908 975 948 ne
1001 885 1199 949 dubitaretur
1214 887 1253 950 ab
1276 887 1355 950 illis:
1457 943 1459 948 .

299 992 396 1056 duros
415 1015 472 1058 nos
502 1007 535 1058 et
567 995 656 1079 quasi
685 995 865 1060 incredulos
895 997 928 1059 in
959 996 1193 1060 examinatione
1220 998 1359 1062 veritatis

299 1103 511 1180 exhibuimus
527 1118 563 1168 ut
577 1105 717 1168 veritatis
739 1105 906 1170 adversarii
927 1105 977 1170 vel
1000 1106 1041 1170 ad
1056 1106 1253 1170 credendum
1273 1108 1358 1171 fran-

298 1225 458 1300 gerentur,
482 1213 532 1276 vel
557 1213 698 1279 districta
732 1216 872 1280 veritatis
904 1215 1107 1299 inquisitione
1139 1218 1233 1281 evicti
1259 1197 1357 1282 ¹con·

298 1323 518 1390 funderentur.

807 1463 869 1528 XI.

343 1595 564 1662 Manifestavit
579 1619 655 1683 ergo
667 1597 781 1663 iterum
794 1612 965 1685 martyrem
978 1621 1072 1662 suum
1087 1599 1246 1664 Dominus
1258 1599 1282 1664 J
1283 1623 1353 1665 esus

297 1708 349 1772 die
365 1722 453 1772 sexto
467 1709 501 1772 in
516 1707 591 1772 villa
602 1708 642 1772 de
658 1707 852 1784 Barkescire,
869 1733 941 1794 quae
956 1709 1091 1794 Anglice
1106 1710 1351 1792 AEinesburness
1396 1693 1398 1697 Ι
1420 1768 1426 1783 ,
1454 1725 1455 1728 ’

296 1832 443 1894 vocatur3
467 1817 678 1882 manifestavit
692 1833 799 1883 autem
815 1820 867 1882 sic
904 1821 981 1883 Erat
996 1818 1060 1882 illie
1082 1819 1171 1884 miles
1192 1821 1355 1884 venerabi-

296 1931 343 2009 lis,
361 1931 536 1996 Willelmus
552 1932 645 1997 Belet
665 1933 804 2012 nomine,
833 1933 907 1996 satis
930 1932 1071 2009 celebris,
1090 1947 1123 1997 et
1142 1934 1235 1998 bonae
1253 1935 1355 2020 opini-

297 2043 376 2120 onis,
408 2044 462 2127 qui
500 2043 658 2106 mensibus
693 2043 793 2107 tribus
828 2042 1037 2106 immoderato
1073 2043 1192 2107 brachii
1226 2045 1350 2109 sinistri

296 2153 453 2217 cruciatus
476 2151 595 2230 dolore,
626 2153 769 2239 graviora
784 2152 859 2217 lecti
889 2153 1065 2216 sustinebat
1096 2153 1230 2218 fastidia.
1277 2157 1356 2220 Bra·

296 2257 361 2326 chii
383 2273 490 2326 tumor
512 2284 611 2346 usque
635 2263 675 2326 ad
697 2263 824 2328 femoris
847 2263 1058 2347 quantitatem
1088 2286 1124 2330 se
1146 2265 1354 2330 extenderat:

295 2393 409 2437 manus
433 2393 572 2456 expansa
596 2371 696 2457 pugni
720 2373 826 2457 potius
854 2371 989 2436 formam
1018 2373 1236 2459 praetendebat
1257 2397 1353 2459 quam

296 2504 427 2547 manus:
451 2480 623 2568 digitorum
638 2481 817 2568 grossitudo
833 2494 921 2547 tanta
939 2483 1043 2548 utrix
1064 2483 1169 2567 aliqua
1180 2484 1352 2570 digitorum

296 2591 455 2658 videretur
467 2592 576 2656 forma.
600 2592 744 2677 Contigit
753 2614 840 2678 ergo,
856 2592 951 2658 tertio
967 2591 1078 2657 Nonas
1093 2591 1278 2672 Januarii,ll
1300 2593 1353 2658 die

299 2703 437 2779 Sabbati,
447 2703 499 2767 die
508 2704 717 2768 sextoabeati
732 2703 879 2788 martyris
889 2703 1059 2786 triumpho,
1072 2703 1350 2780 matremfamilias,

296 2811 426 2876 domum
442 2812 481 2875 ab
497 2812 628 2876 ecclesia
638 2833 804 2888 reversam,
822 2811 854 2873 in
870 2811 962 2874 fletus
974 2812 1159 2874 tenerrimos
1174 2833 1350 2898 erumpere.

299 2921 480 3007 Suspicatus
513 2921 605 2986 miles
635 2921 722 3007 quod
754 2943 794 2985 ex
828 2922 1042 3005 compassione
1066 2923 1115 2985 sui
1140 2921 1286 3007 ploraret,
1316 2935 1351 2986 ut

294 3031 439 3095 lacrimas
461 3031 691 3114 comprimeret,
715 3029 840 3094 blandis
862 3051 931 3093 eam
960 3031 1124 3116 castigavit
1141 3033 1350 3108 sermonibus,

296 3142 448 3206 “bonum
461 3141 520 3206 sibi
535 3165 602 3206 esse
618 3140 778 3226 flagellum
788 3140 923 3204 Domini
932 3141 950 3172 ’'
962 3163 1122 3216 asserens3
1145 3147 1166 3179 “
1175 3141 1306 3206 evadere
1317 3164 1350 3206 se

294 3273 384 3338 posse
402 3250 530 3335 quando
546 3250 673 3316 Divinae
690 3253 799 3336 pietati
819 3251 985 3337 placeret.’'
1028 3253 1074 3316 At
1088 3251 1202 3315 mulier
1226 3253 1261 3314 in
1281 3252 1349 3315 haec

299 3361 396 3425 verba
410 3359 583 3447 respondit,
596 3370 616 3399 “
627 3360 705 3426 Non
715 3375 771 3438 est,
785 3361 942 3424 carissime
958 3360 1097 3437 domine,
1115 3375 1236 3425 nonest
1250 3376 1288 3425 ut
1302 3383 1351 3425 es·

294 3471 397 3550 times,
409 3494 474 3535 non
487 3484 540 3537 tua
550 3454 748 3536 solummodo
760 3493 853 3535 causa
861 3470 993 3535 sollicita
1006 3493 1087 3547 sum,
1100 3471 1155 3535 sed
1165 3484 1309 3536 nostrum
1317 3480 1352 3536 et

293 3585 392 3648 totius
404 3581 512 3669 patriae
528 3594 659 3668 patrem,
676 3581 840 3645 domiuum
856 3579 975 3645 scilicet
996 3569 1159 3658 Cantuar,
1171 3604 1230 3667 ego
1240 3582 1350 3660 defleo,

330 3773 724 3841 namurcii—dubitandum
739 3774 770 3827 B.

310 3872 558 3996 fthlllupgsunna-
567 3869 727 3924 Asneburna
738 3869 769 3921 B.
807 3868 819 3920 1
833 3875 931 3922 cannot
945 3866 1073 3922 ascertain
1086 3867 1130 3920 the
1142 3866 1254 3920 modern
1272 3885 1351 3922 name

294 3960 310 3996 ο
333 3951 343 3995 t
363 3960 385 3994 rs
398 3959 425 3994 vr
446 3958 504 4010 age.

329 4034 415 4095 ll'l'he
428 4033 500 4087 third
510 4034 563 4104 day
575 4033 665 4086 before
678 4032 723 4086 the
735 4032 826 4085 Nonas
839 4032 870 4084 of
878 4032 895 4084 J
897 4047 998 4100 anucry
1010 4031 1032 4084 is
1045 4031 1062 4083 J
1064 4048 1165 4101 anuary
1178 4030 1223 4084 the
1235 4031 1293 4084 ard.
