3232 5166
250 512 316 574 cap.
341 489 407 572 24]
625 511 668 554 un
691 510 803 554 urnac.
836 489 868 555 S.
892 489 1034 554 Tuona.
1254 489 1293 550 67

240 659 313 724 teris
329 657 459 735 solebat,
471 680 512 723 ne
521 681 614 744 sapor
628 671 684 724 aut
694 659 780 724 color
791 662 983 747 sanguineus
997 657 1119 724 bibenti
1134 658 1295 723 horrorem

237 768 403 832 incuteret.
437 767 600 832 Exhausto
608 768 716 854 itaque
727 768 812 852 qnod
824 783 891 834 erat
904 770 937 832 in
954 770 1060 848 calice,
1070 769 1153 832 redit
1167 767 1294 832 mulieri

154 873 157 878 ’
238 875 323 940 color
337 875 473 956 nativus,
488 877 576 963 vigor
590 877 742 963 pristinus
753 891 933 964 reparatur:
957 878 1044 942 illam
1059 890 1168 942 autem
1180 890 1290 962 postea

239 999 370 1064 omnino
383 1020 448 1062 non
464 999 569 1087 tetigit
582 999 678 1065 febris
697 1022 802 1085 neque
817 1000 1022 1075 contristavit,
1039 1020 1099 1064 nec
1114 999 1283 1083 quicquam

239 1109 389 1176 molestie
403 1109 520 1174 intulit.

696 1308 823 1374 XXIV.

282 1419 322 1486 In
350 1420 453 1486 Coena
466 1441 592 1484 necnon
609 1420 779 1484 Dominica
796 1423 813 1506 fi
837 1420 911 1484 civis
928 1419 1165 1484 Cantuariensis
1189 1419 1292 1484 filium

240 1531 436 1622 Willelmum
451 1530 539 1594 idem
564 1530 821 1614 experimentum
856 1530 896 1593 ab
918 1529 993 1614 ipsis
1010 1529 1119 1594 mortis
1143 1529 1286 1594 faucibus

238 1641 383 1706 extraxit.
446 1640 548 1727 Cujus
572 1641 792 1706 medicaminis
816 1639 991 1705 efficaciam
1014 1639 1089 1706 licet
1109 1642 1178 1725 jam
1201 1639 1294 1705 multi

237 1752 356 1837 experti
371 1751 512 1828 fuissent,
528 1773 632 1836 neque
650 1764 755 1816 tamen
772 1750 888 1834 absque
904 1750 1017 1815 timore
1033 1751 1166 1815 dabatur
1178 1762 1289 1834 peten-

238 1861 342 1937 tibus;
366 1884 425 1926 nec
443 1862 797 1934 ⁴mirum--inusitatum
812 1860 959 1926 extiterat
981 1861 1127 1926 homines
1152 1862 1293 1925 humano

239 1991 348 2036 cruore
371 1971 481 2053 potari.
529 1969 577 2034 Ut
602 1983 711 2036 autem
737 1984 769 2035 et
795 1971 912 2034 infirmi
937 1972 1125 2056 sanguinem
1149 1971 1291 2036 ecclesiae

239 2079 474 2145 cantuariensis
493 2081 741 2146 meracissimum
762 2080 950 2145 fiducialiter
964 2081 1119 2157 biberent,
1135 2093 1167 2146 et
1191 2081 1286 2144 nobis

238 2188 378 2254 eundem
401 2210 458 2270 per
482 2212 570 2274 aquae
594 2191 852 2254 commixtionem
883 2189 1043 2254 tribuendi
1067 2191 1168 2274 major
1196 2211 1290 2254 ausus

238 2297 443 2376 conferretur,
454 2299 626 2363 insinuatio
635 2299 794 2385 praecessit
803 2299 997 2384 hujusmodi.
1046 2298 1162 2364 Eidem
1173 2299 1292 2367 adoles.

239 2406 334 2482 centi,
366 2406 406 2469 de
449 2429 511 2491 quo
552 2408 684 2494 agimus,
724 2408 907 2472 infirmitate
949 2409 1035 2494 gravi
1061 2422 1213 2493 coneptu,
1255 2420 1289 2478 et

236 2515 326 2598 quasi
362 2515 475 2579 diebus
498 2516 681 2600 quindecim
712 2518 893 2604 gravissime
923 2531 1047 2594 vexato,
1075 2518 1214 2584 ostendit
1257 2541 1289 2582 se

238 2624 273 2687 in
288 2625 407 2688 somnis
418 2625 570 2706 pretiosus
585 2637 704 2711 martyr
719 2625 835 2690 Christi
848 2639 881 2690 et
892 2640 1066 2712 martyrum
1082 2626 1191 2714 gloria,
1203 2627 1291 2710 quasi

236 2731 327 2796 altari
342 2733 459 2796 Christi
482 2735 516 2797 in
530 2735 625 2800 choro
652 2734 891 2799 Cantuariensis
916 2735 1057 2800 ecclesiae
1083 2736 1288 2800 adsistentem

239 2853 274 2904 et
304 2841 413 2906 multis
436 2844 616 2914 reverendae
640 2845 749 2931 gloriae
777 2845 919 2931 personis
945 2845 1005 2909 sibi
1032 2845 1287 2910 ministrantibus

235 2953 405 3017 missarum
418 2952 572 3018 solemnia
587 2954 821 3033 celebrantem
845 2956 910 3040 qui,
921 2957 1074 3042 conjectis
1085 2957 1119 3020 in
1136 2970 1290 3042 aegrotum

235 3068 344 3145 oculis,
360 3054 551 3134 monachum
567 3071 651 3136 inter
670 3085 797 3137 coeteros
823 3071 1012 3146 adstantem,
1038 3083 1070 3135 et
1096 3094 1150 3134 vas
1178 3093 1288 3135 cruore

235 3200 293 3242 suo
307 3178 457 3243 refertum
472 3192 646 3255 tenentem,
656 3180 743 3245 visus
754 3188 802 3245 est
813 3182 961 3244 accivisse
973 3194 1004 3244 et
1015 3169 1288 3265 verba'protulisse

235 3288 427 3373 hujusmodi,
441 3291 611 3356 “Puerum
624 3292 713 3356 illum
723 3291 825 3378 gravis
836 3291 953 3377 premit
965 3290 1149 3356 infirmitas:
1164 3291 1288 3376 porrige
1314 3325 1328 3341 a

235 3397 282 3461 illi
291 3397 386 3482 hujus
395 3399 558 3484 sanguinis
568 3399 631 3463 mei
642 3399 802 3483 poculum,
813 3412 849 3462 nt
864 3399 976 3462 bibens
991 3399 1212 3463 convalescat.”
1235 3400 1290 3463 Bi-

234 3506 308 3572 bere
324 3528 357 3571 se
372 3529 453 3592 puer
467 3507 642 3586 estimabat,
655 3523 688 3573 et
709 3511 742 3572 in
757 3531 845 3574 sacro
860 3509 1022 3596 sanguinis
1041 3522 1119 3592 potu
1139 3509 1288 3574 delectari

235 3615 317 3680 sicut
331 3616 364 3679 in
380 3617 529 3681 omnibus
544 3617 685 3699 divitiis;
717 3619 819 3682 sactus
834 3631 882 3682 est
896 3619 984 3682 enim
1000 3620 1081 3682 sicut
1103 3618 1167 3682 mel
1184 3617 1286 3682 duleis

233 3724 268 3787 in
283 3746 336 3789 ore
352 3747 419 3789 suo.
453 3723 581 3791 Excitat
596 3727 689 3791 citius
699 3726 861 3790 infirmitas
873 3726 1094 3802 dormientem,
1107 3739 1139 3790 et
1150 3725 1286 3789 adurae,

269 3902 281 3960 5
301 3897 358 3951 'she
371 3897 456 3951 Omns
468 3899 612 3952 Doururca
625 3901 647 3952 is
660 3900 704 3952 the
716 3899 857 3969 Thursday
869 3898 960 3952 before
973 3898 1052 3952 Good
1065 3897 1179 3967 Friday;
1200 3897 1285 3950 called

231 3990 287 4044 also
298 3991 421 4062 Maundy
431 3991 579 4063 Thursday,
593 3993 647 4046 and
661 3994 716 4046 also
728 3992 809 4045 Shere
830 3991 978 4061 Thursday.
1017 3991 1049 4044 In
1064 3993 1128 4044 1171
1152 3990 1275 4074 Maundp

232 4083 373 4155 Thursday
387 4103 440 4139 was
453 4087 498 4138 the
511 4087 575 4140 arth
588 4087 617 4140 of
626 4086 731 4151 March.v
