<?xml version="1.0" encoding="UTF-8"?>
<!DOCTYPE html PUBLIC "-//W3C//DTD XHTML 1.0 Transitional//EN"
    "http://www.w3.org/TR/xhtml1/DTD/xhtml1-transitional.dtd">
<html xmlns="http://www.w3.org/1999/xhtml" xml:lang="en" lang="en">
 <head>
  <title>
</title>
<meta http-equiv="Content-Type" content="text/html;charset=utf-8" />
  <meta name='ocr-system' content='tesseract 3.04.00' />
  <meta name='ocr-capabilities' content='ocr_page ocr_carea ocr_par ocr_line ocrx_word'/>
</head>
<body>
  <div class='ocr_page' id='page_1' title='image "benedictiabbati00loewgoog_0029.png"; bbox 0 0 3232 5166; ppageno 0'>
   <div class='ocr_carea' id='block_1_1' title="bbox 533 645 1259 712">
    <p class='ocr_par' dir='ltr' id='par_1_1' title="bbox 533 645 1259 712">
     <span class='ocr_line' id='line_1_1' title="bbox 533 645 1259 712; baseline -0.001 -3"><span class='ocrx_word' id='word_1_1' title='bbox 533 660 680 710; x_wconf 73' lang='lat' dir='ltr'>savrra</span> <span class='ocrx_word' id='word_1_2' title='bbox 704 647 738 712; x_wconf 87' lang='lat' dir='ltr'>S.</span> <span class='ocrx_word' id='word_1_3' title='bbox 761 645 898 710; x_wconf 67' lang='lat' dir='ltr'>asota.</span> <span class='ocrx_word' id='word_1_4' title='bbox 1219 645 1259 708; x_wconf 78' lang='lat'>23</span> 
     </span>
    </p>
   </div>
   <div class='ocr_carea' id='block_1_2' title="bbox 203 813 1273 4633">
    <p class='ocr_par' dir='ltr' id='par_1_2' title="bbox 203 813 1264 1555">
     <span class='ocr_line' id='line_1_2' title="bbox 249 813 1259 907; baseline 0.002 -25"><span class='ocrx_word' id='word_1_5' title='bbox 249 814 376 906; x_wconf 84' lang='lat' dir='ltr'>Egressi</span> <span class='ocrx_word' id='word_1_6' title='bbox 404 813 502 905; x_wconf 86' lang='lat' dir='ltr'>igitur</span> <span class='ocrx_word' id='word_1_7' title='bbox 527 819 643 885; x_wconf 85' lang='lat' dir='ltr'>milites</span> <span class='ocrx_word' id='word_1_8' title='bbox 667 821 801 907; x_wconf 77' lang='lat' dir='ltr'>profani,</span> <span class='ocrx_word' id='word_1_9' title='bbox 828 819 869 884; x_wconf 88' lang='lat' dir='ltr'>ad</span> <span class='ocrx_word' id='word_1_10' title='bbox 895 820 996 884; x_wconf 88' lang='lat' dir='ltr'>socios</span> <span class='ocrx_word' id='word_1_11' title='bbox 1027 831 1060 885; x_wconf 88' lang='lat' dir='ltr'>ct</span> <span class='ocrx_word' id='word_1_12' title='bbox 1090 820 1259 907; x_wconf 82' lang='lat' dir='ltr'>complices</span> 
     </span>
     <span class='ocr_line' id='line_1_3' title="bbox 204 930 1261 1008; baseline -0.003 -11"><span class='ocrx_word' id='word_1_13' title='bbox 204 954 278 997; x_wconf 90' lang='lat' dir='ltr'>suos</span> <span class='ocrx_word' id='word_1_14' title='bbox 291 934 323 995; x_wconf 93' lang='lat' dir='ltr'>in</span> <span class='ocrx_word' id='word_1_15' title='bbox 341 933 459 994; x_wconf 90' lang='lat' dir='ltr'>curiam</span> <span class='ocrx_word' id='word_1_16' title='bbox 475 931 693 1008; x_wconf 83' lang='lat' dir='ltr'>accelerantes,</span> <span class='ocrx_word' id='word_1_17' title='bbox 709 945 742 995; x_wconf 88' lang='lat' dir='ltr'>et</span> <span class='ocrx_word' id='word_1_18' title='bbox 756 954 790 996; x_wconf 91' lang='lat' dir='ltr'>se</span> <span class='ocrx_word' id='word_1_19' title='bbox 803 932 942 995; x_wconf 84' lang='lat' dir='ltr'>velocius</span> <span class='ocrx_word' id='word_1_20' title='bbox 954 939 1122 1008; x_wconf 80' lang='lat' dir='ltr'>armantes,</span> <span class='ocrx_word' id='word_1_21' title='bbox 1143 930 1261 996; x_wconf 86' lang='lat' dir='ltr'>reversi</span> 
     </span>
     <span class='ocr_line' id='line_1_4' title="bbox 204 1040 1260 1126; baseline -0.001 -21"><span class='ocrx_word' id='word_1_22' title='bbox 204 1056 279 1106; x_wconf 89' lang='lat' dir='ltr'>sunt</span> <span class='ocrx_word' id='word_1_23' title='bbox 296 1043 331 1104; x_wconf 85' lang='lat' dir='ltr'>in</span> <span class='ocrx_word' id='word_1_24' title='bbox 347 1041 461 1116; x_wconf 91' lang='lat' dir='ltr'>loricis,</span> <span class='ocrx_word' id='word_1_25' title='bbox 476 1063 551 1104; x_wconf 89' lang='lat' dir='ltr'>cum</span> <span class='ocrx_word' id='word_1_26' title='bbox 566 1040 678 1124; x_wconf 83' lang='lat' dir='ltr'>gladiis</span> <span class='ocrx_word' id='word_1_27' title='bbox 694 1053 727 1104; x_wconf 90' lang='lat' dir='ltr'>et</span> <span class='ocrx_word' id='word_1_28' title='bbox 748 1040 920 1116; x_wconf 89' lang='lat' dir='ltr'>securibus,</span> <span class='ocrx_word' id='word_1_29' title='bbox 938 1041 1072 1104; x_wconf 84' lang='lat' dir='ltr'><strong>arcubus</strong></span> <span class='ocrx_word' id='word_1_30' title='bbox 1092 1055 1125 1104; x_wconf 91' lang='lat' dir='ltr'>et</span> <span class='ocrx_word' id='word_1_31' title='bbox 1139 1042 1260 1126; x_wconf 82' lang='lat' dir='ltr'>sagittis</span> 
     </span>
     <span class='ocr_line' id='line_1_5' title="bbox 205 1151 1264 1227; baseline -0.003 -11"><span class='ocrx_word' id='word_1_32' title='bbox 205 1165 237 1216; x_wconf 89' lang='lat' dir='ltr'>et</span> <span class='ocrx_word' id='word_1_33' title='bbox 261 1153 411 1215; x_wconf 85' lang='lat' dir='ltr'>bisacutis</span> <span class='ocrx_word' id='word_1_34' title='bbox 432 1165 465 1215; x_wconf 88' lang='lat' dir='ltr'>et</span> <span class='ocrx_word' id='word_1_35' title='bbox 489 1153 610 1215; x_wconf 86' lang='lat' dir='ltr'>caeteris</span> <span class='ocrx_word' id='word_1_36' title='bbox 635 1151 863 1227; x_wconf 89' lang='lat' dir='ltr'>instrumentis,</span> <span class='ocrx_word' id='word_1_37' title='bbox 878 1151 929 1214; x_wconf 89' lang='lat' dir='ltr'>vel</span> <span class='ocrx_word' id='word_1_38' title='bbox 953 1151 993 1215; x_wconf 90' lang='lat' dir='ltr'>ad</span> <span class='ocrx_word' id='word_1_39' title='bbox 1020 1173 1104 1215; x_wconf 89' lang='lat' dir='ltr'>seras</span> <span class='ocrx_word' id='word_1_40' title='bbox 1128 1167 1159 1214; x_wconf 91' lang='lat' dir='ltr'>et</span> <span class='ocrx_word' id='word_1_41' title='bbox 1182 1151 1264 1214; x_wconf 87' lang='lat' dir='ltr'>ostia</span> 
     </span>
     <span class='ocr_line' id='line_1_6' title="bbox 206 1259 1262 1346; baseline -0.002 -22"><span class='ocrx_word' id='word_1_42' title='bbox 206 1261 419 1336; x_wconf 88' lang='lat' dir='ltr'>demolienda,</span> <span class='ocrx_word' id='word_1_43' title='bbox 449 1259 498 1323; x_wconf 88' lang='lat' dir='ltr'>vel</span> <span class='ocrx_word' id='word_1_44' title='bbox 523 1259 563 1322; x_wconf 88' lang='lat' dir='ltr'>ad</span> <span class='ocrx_word' id='word_1_45' title='bbox 584 1261 801 1344; x_wconf 82' lang='lat' dir='ltr'>excogitatum</span> <span class='ocrx_word' id='word_1_46' title='bbox 826 1261 984 1346; x_wconf 80' lang='lat' dir='ltr'>flagitium</span> <span class='ocrx_word' id='word_1_47' title='bbox 1012 1260 1262 1346; x_wconf 87' lang='lat' dir='ltr'>mancipandum</span> 
     </span>
     <span class='ocr_line' id='line_1_7' title="bbox 205 1369 1263 1456; baseline -0.001 -21"><span class='ocrx_word' id='word_1_48' title='bbox 205 1372 348 1435; x_wconf 83' lang='lat' dir='ltr'>ellectui.</span> <span class='ocrx_word' id='word_1_49' title='bbox 401 1370 633 1434; x_wconf 89' lang='lat' dir='ltr'>Praecurrentes</span> <span class='ocrx_word' id='word_1_50' title='bbox 663 1392 738 1433; x_wconf 92' lang='lat' dir='ltr'>vero</span> <span class='ocrx_word' id='word_1_51' title='bbox 767 1369 866 1455; x_wconf 82' lang='lat' dir='ltr'>aliqui</span> <span class='ocrx_word' id='word_1_52' title='bbox 908 1370 949 1433; x_wconf 92' lang='lat' dir='ltr'>ad</span> <span class='ocrx_word' id='word_1_53' title='bbox 990 1370 1263 1456; x_wconf 89' lang='lat' dir='ltr'>archiepiscopum</span> 
     </span>
     <span class='ocr_line' id='line_1_8' title="bbox 203 1480 1032 1555; baseline -0.001 -11"><span class='ocrx_word' id='word_1_54' title='bbox 203 1481 405 1544; x_wconf 88' lang='lat' dir='ltr'>clamabant:</span> <span class='ocrx_word' id='word_1_55' title='bbox 453 1488 473 1516; x_wconf 92' lang='lat'><strong>“</strong></span> <span class='ocrx_word' id='word_1_56' title='bbox 488 1480 636 1555; x_wconf 89' lang='lat' dir='ltr'>Domine,</span> <span class='ocrx_word' id='word_1_57' title='bbox 653 1480 802 1555; x_wconf 89' lang='lat' dir='ltr'>Domine,</span> <span class='ocrx_word' id='word_1_58' title='bbox 818 1494 940 1544; x_wconf 88' lang='lat' dir='ltr'>armant</span> <span class='ocrx_word' id='word_1_59' title='bbox 957 1501 998 1543; x_wconf 92' lang='lat' dir='ltr'>se.</span> <span class='ocrx_word' id='word_1_60' title='bbox 1012 1481 1032 1512; x_wconf 84' lang='lat'>&#39;&#39;</span> 
     </span>
    </p>

    <p class='ocr_par' dir='ltr' id='par_1_3' title="bbox 251 1587 940 1662">
     <span class='ocr_line' id='line_1_9' title="bbox 251 1587 940 1662; baseline 0 -10"><span class='ocrx_word' id='word_1_61' title='bbox 251 1589 299 1653; x_wconf 86' lang='lat' dir='ltr'>At</span> <span class='ocrx_word' id='word_1_62' title='bbox 314 1589 389 1652; x_wconf 89' lang='lat' dir='ltr'>ille:</span> <span class='ocrx_word' id='word_1_63' title='bbox 417 1596 437 1626; x_wconf 91' lang='lat'><strong>“</strong></span> <span class='ocrx_word' id='word_1_64' title='bbox 450 1587 532 1662; x_wconf 74' lang='lat' dir='ltr'>Qua</span> <span class='ocrx_word' id='word_1_65' title='bbox 554 1590 655 1651; x_wconf 82' lang='lat' dir='ltr'>cura?</span> <span class='ocrx_word' id='word_1_66' title='bbox 680 1589 773 1652; x_wconf 88' lang='lat' dir='ltr'>sinite</span> <span class='ocrx_word' id='word_1_67' title='bbox 790 1589 940 1652; x_wconf 90' lang='lat' dir='ltr'>armare.&#39;&#39;</span> 
     </span>
    </p>

    <p class='ocr_par' dir='ltr' id='par_1_4' title="bbox 207 1697 1273 4633">
     <span class='ocr_line' id='line_1_10' title="bbox 252 1697 1262 1784; baseline 0.002 -24"><span class='ocrx_word' id='word_1_68' title='bbox 252 1697 329 1761; x_wconf 85' lang='lat' dir='ltr'>Erat</span> <span class='ocrx_word' id='word_1_69' title='bbox 344 1698 377 1760; x_wconf 90' lang='lat' dir='ltr'>in</span> <span class='ocrx_word' id='word_1_70' title='bbox 394 1697 580 1761; x_wconf 88' lang='lat' dir='ltr'>detestanda</span> <span class='ocrx_word' id='word_1_71' title='bbox 595 1697 720 1761; x_wconf 89' lang='lat' dir='ltr'>illorum</span> <span class='ocrx_word' id='word_1_72' title='bbox 738 1698 886 1762; x_wconf 89' lang='lat' dir='ltr'>societate</span> <span class='ocrx_word' id='word_1_73' title='bbox 903 1697 1088 1784; x_wconf 88' lang='lat' dir='ltr'>perditionis</span> <span class='ocrx_word' id='word_1_74' title='bbox 1103 1697 1156 1762; x_wconf 93' lang='lat' dir='ltr'>ille</span> <span class='ocrx_word' id='word_1_75' title='bbox 1175 1699 1262 1763; x_wconf 91' lang='lat' dir='ltr'>lilius</span> 
     </span>
     <span class='ocr_line' id='line_1_11' title="bbox 208 1806 1259 1893; baseline 0.003 -23"><span class='ocrx_word' id='word_1_76' title='bbox 208 1806 368 1871; x_wconf 88' lang='lat' dir='ltr'>Robertus</span> <span class='ocrx_word' id='word_1_77' title='bbox 384 1806 424 1870; x_wconf 92' lang='lat' dir='ltr'>de</span> <span class='ocrx_word' id='word_1_78' title='bbox 445 1807 536 1883; x_wconf 82' lang='lat' dir='ltr'>Broc,</span> <span class='ocrx_word' id='word_1_79' title='bbox 553 1830 648 1891; x_wconf 89' lang='lat' dir='ltr'>quem</span> <span class='ocrx_word' id='word_1_80' title='bbox 667 1822 703 1872; x_wconf 89' lang='lat' dir='ltr'>ut</span> <span class='ocrx_word' id='word_1_81' title='bbox 718 1807 858 1871; x_wconf 90' lang='lat' dir='ltr'>diximus</span> <span class='ocrx_word' id='word_1_82' title='bbox 868 1811 998 1893; x_wconf 76' lang='lat' dir='ltr'>&#39;propter</span> <span class='ocrx_word' id='word_1_83' title='bbox 1012 1808 1166 1872; x_wconf 90' lang='lat' dir='ltr'>scelerum</span> <span class='ocrx_word' id='word_1_84' title='bbox 1188 1831 1259 1873; x_wconf 84' lang='lat' dir='ltr'>suo-</span> 
     </span>
     <span class='ocr_line' id='line_1_12' title="bbox 207 1917 1260 1996; baseline 0.002 -15"><span class='ocrx_word' id='word_1_85' title='bbox 207 1941 276 1982; x_wconf 89' lang='lat' dir='ltr'>rum</span> <span class='ocrx_word' id='word_1_86' title='bbox 300 1920 521 1981; x_wconf 84' lang='lat' dir='ltr'>enormitatem</span> <span class='ocrx_word' id='word_1_87' title='bbox 544 1917 596 1981; x_wconf 91' lang='lat' dir='ltr'>die</span> <span class='ocrx_word' id='word_1_88' title='bbox 618 1917 730 1981; x_wconf 92' lang='lat' dir='ltr'>natalis</span> <span class='ocrx_word' id='word_1_89' title='bbox 746 1917 878 1982; x_wconf 91' lang='lat' dir='ltr'>Domini</span> <span class='ocrx_word' id='word_1_90' title='bbox 902 1919 1214 1996; x_wconf 82' lang='lat' dir='ltr'>anathematizatum,</span> <span class='ocrx_word' id='word_1_91' title='bbox 1241 1942 1260 1983; x_wconf 89' lang='lat' dir='ltr'>a</span> 
     </span>
     <span class='ocr_line' id='line_1_13' title="bbox 208 2027 1263 2112; baseline 0.002 -21"><span class='ocrx_word' id='word_1_92' title='bbox 208 2029 432 2092; x_wconf 90' lang='lat' dir='ltr'>communione</span> <span class='ocrx_word' id='word_1_93' title='bbox 454 2027 599 2091; x_wconf 79' lang='lat' dir='ltr'>fidelium</span> <span class='ocrx_word' id='word_1_94' title='bbox 625 2027 811 2108; x_wconf 87' lang='lat' dir='ltr'>praeciderat</span> <span class='ocrx_word' id='word_1_95' title='bbox 827 2029 874 2090; x_wconf 88' lang='lat' dir='ltr'>vir</span> <span class='ocrx_word' id='word_1_96' title='bbox 887 2042 1023 2105; x_wconf 88' lang='lat' dir='ltr'>sanctus,</span> <span class='ocrx_word' id='word_1_97' title='bbox 1041 2031 1095 2112; x_wconf 92' lang='lat' dir='ltr'>qui</span> <span class='ocrx_word' id='word_1_98' title='bbox 1115 2029 1263 2093; x_wconf 87' lang='lat' dir='ltr'>introitus</span> 
     </span>
     <span class='ocr_line' id='line_1_14' title="bbox 209 2138 1264 2222; baseline 0.003 -21"><span class='ocrx_word' id='word_1_99' title='bbox 209 2152 241 2201; x_wconf 91' lang='lat' dir='ltr'>et</span> <span class='ocrx_word' id='word_1_100' title='bbox 256 2139 360 2201; x_wconf 87' lang='lat' dir='ltr'>exitus</span> <span class='ocrx_word' id='word_1_101' title='bbox 376 2139 474 2200; x_wconf 89' lang='lat' dir='ltr'>curiae</span> <span class='ocrx_word' id='word_1_102' title='bbox 489 2153 618 2201; x_wconf 89' lang='lat' dir='ltr'>noverat</span> <span class='ocrx_word' id='word_1_103' title='bbox 632 2138 803 2213; x_wconf 90' lang='lat' dir='ltr'>universos,</span> <span class='ocrx_word' id='word_1_104' title='bbox 827 2152 937 2222; x_wconf 89' lang='lat' dir='ltr'>utpote</span> <span class='ocrx_word' id='word_1_105' title='bbox 954 2140 1009 2222; x_wconf 91' lang='lat' dir='ltr'>qui</span> <span class='ocrx_word' id='word_1_106' title='bbox 1027 2138 1104 2202; x_wconf 89' lang='lat' dir='ltr'>dum</span> <span class='ocrx_word' id='word_1_107' title='bbox 1121 2139 1264 2204; x_wconf 84' lang='lat' dir='ltr'>exularet</span> 
     </span>
     <span class='ocr_line' id='line_1_15' title="bbox 209 2247 1266 2334; baseline 0.004 -24"><span class='ocrx_word' id='word_1_108' title='bbox 209 2249 473 2334; x_wconf 82' lang='lat' dir='ltr'>archiepiscopus,</span> <span class='ocrx_word' id='word_1_109' title='bbox 489 2249 547 2311; x_wconf 92' lang='lat' dir='ltr'>sub</span> <span class='ocrx_word' id='word_1_110' title='bbox 563 2247 691 2311; x_wconf 92' lang='lat' dir='ltr'>domino</span> <span class='ocrx_word' id='word_1_111' title='bbox 706 2270 763 2311; x_wconf 89' lang='lat' dir='ltr'>suo</span> <span class='ocrx_word' id='word_1_112' title='bbox 780 2247 971 2334; x_wconf 84' lang='lat' dir='ltr'>Randulpho</span> <span class='ocrx_word' id='word_1_113' title='bbox 997 2251 1037 2313; x_wconf 91' lang='lat' dir='ltr'>de</span> <span class='ocrx_word' id='word_1_114' title='bbox 1062 2249 1144 2315; x_wconf 92' lang='lat' dir='ltr'>Broc</span> <span class='ocrx_word' id='word_1_115' title='bbox 1169 2253 1266 2315; x_wconf 89' lang='lat' dir='ltr'>totius</span> 
     </span>
     <span class='ocr_line' id='line_1_16' title="bbox 210 2357 1267 2445; baseline 0.003 -25"><span class='ocrx_word' id='word_1_116' title='bbox 210 2359 497 2443; x_wconf 83' lang='lat' dir='ltr'>archiepiscopatus</span> <span class='ocrx_word' id='word_1_117' title='bbox 523 2357 675 2421; x_wconf 88' lang='lat' dir='ltr'>habuerat</span> <span class='ocrx_word' id='word_1_118' title='bbox 692 2357 876 2421; x_wconf 90' lang='lat' dir='ltr'>custodiam.</span> <span class='ocrx_word' id='word_1_119' title='bbox 935 2358 1022 2422; x_wconf 90' lang='lat' dir='ltr'>Dum</span> <span class='ocrx_word' id='word_1_120' title='bbox 1040 2359 1136 2445; x_wconf 88' lang='lat' dir='ltr'>igitur</span> <span class='ocrx_word' id='word_1_121' title='bbox 1151 2361 1267 2424; x_wconf 88' lang='lat' dir='ltr'>ostium</span> 
     </span>
     <span class='ocr_line' id='line_1_17' title="bbox 210 2467 1268 2552; baseline 0.004 -22"><span class='ocrx_word' id='word_1_122' title='bbox 210 2468 291 2532; x_wconf 88' lang='lat' dir='ltr'>aulae</span> <span class='ocrx_word' id='word_1_123' title='bbox 318 2490 472 2552; x_wconf 88' lang='lat' dir='ltr'>occupare</span> <span class='ocrx_word' id='word_1_124' title='bbox 503 2467 700 2542; x_wconf 81' lang='lat' dir='ltr'>festinarent,</span> <span class='ocrx_word' id='word_1_125' title='bbox 727 2468 973 2551; x_wconf 88' lang='lat' dir='ltr'>praecaventibus</span> <span class='ocrx_word' id='word_1_126' title='bbox 996 2469 1122 2534; x_wconf 85' lang='lat' dir='ltr'>famulis</span> <span class='ocrx_word' id='word_1_127' title='bbox 1147 2471 1268 2534; x_wconf 88' lang='lat' dir='ltr'>exclusi</span> 
     </span>
     <span class='ocr_line' id='line_1_18' title="bbox 211 2577 1265 2663; baseline 0.003 -22"><span class='ocrx_word' id='word_1_128' title='bbox 211 2592 295 2642; x_wconf 89' lang='lat' dir='ltr'>sunt.</span> <span class='ocrx_word' id='word_1_129' title='bbox 337 2577 510 2660; x_wconf 82' lang='lat' dir='ltr'>Quumque</span> <span class='ocrx_word' id='word_1_130' title='bbox 536 2578 616 2640; x_wconf 91' lang='lat' dir='ltr'>ostio</span> <span class='ocrx_word' id='word_1_131' title='bbox 643 2577 749 2640; x_wconf 90' lang='lat' dir='ltr'>clauso</span> <span class='ocrx_word' id='word_1_132' title='bbox 765 2591 797 2640; x_wconf 91' lang='lat' dir='ltr'>et</span> <span class='ocrx_word' id='word_1_133' title='bbox 813 2578 944 2662; x_wconf 90' lang='lat' dir='ltr'>objectis</span> <span class='ocrx_word' id='word_1_134' title='bbox 968 2579 1120 2655; x_wconf 91' lang='lat' dir='ltr'>obicibus,</span> <span class='ocrx_word' id='word_1_135' title='bbox 1137 2601 1265 2663; x_wconf 88' lang='lat' dir='ltr'>prorsus</span> 
     </span>
     <span class='ocr_line' id='line_1_19' title="bbox 213 2687 1266 2772; baseline 0.002 -22"><span class='ocrx_word' id='word_1_136' title='bbox 213 2690 259 2751; x_wconf 89' lang='lat' dir='ltr'>eis</span> <span class='ocrx_word' id='word_1_137' title='bbox 286 2687 461 2772; x_wconf 84' lang='lat' dir='ltr'>denegatus</span> <span class='ocrx_word' id='word_1_138' title='bbox 485 2699 565 2750; x_wconf 91' lang='lat' dir='ltr'>esset</span> <span class='ocrx_word' id='word_1_139' title='bbox 591 2687 751 2764; x_wconf 88' lang='lat' dir='ltr'>introitus,</span> <span class='ocrx_word' id='word_1_140' title='bbox 778 2687 897 2750; x_wconf 89' lang='lat' dir='ltr'>ducatu</span> <span class='ocrx_word' id='word_1_141' title='bbox 921 2687 1042 2772; x_wconf 86' lang='lat' dir='ltr'>praelati</span> <span class='ocrx_word' id='word_1_142' title='bbox 1064 2687 1199 2753; x_wconf 86' lang='lat' dir='ltr'>Roberti</span> <span class='ocrx_word' id='word_1_143' title='bbox 1225 2689 1266 2752; x_wconf 91' lang='lat' dir='ltr'>ad</span> 
     </span>
     <span class='ocr_line' id='line_1_20' title="bbox 210 2793 1265 2882; baseline 0.002 -23"><span class='ocrx_word' id='word_1_144' title='bbox 210 2797 327 2882; x_wconf 83' lang='lat' dir='ltr'>gradus</span> <span class='ocrx_word' id='word_1_145' title='bbox 343 2795 495 2880; x_wconf 91' lang='lat' dir='ltr'>quosdam</span> <span class='ocrx_word' id='word_1_146' title='bbox 516 2796 710 2873; x_wconf 88' lang='lat' dir='ltr'>secretiores,</span> <span class='ocrx_word' id='word_1_147' title='bbox 734 2816 789 2880; x_wconf 89' lang='lat' dir='ltr'>per</span> <span class='ocrx_word' id='word_1_148' title='bbox 803 2816 881 2877; x_wconf 91' lang='lat' dir='ltr'>quos</span> <span class='ocrx_word' id='word_1_149' title='bbox 896 2793 936 2857; x_wconf 93' lang='lat' dir='ltr'>de</span> <span class='ocrx_word' id='word_1_150' title='bbox 953 2794 1091 2860; x_wconf 87' lang='lat' dir='ltr'>thalamo</span> <span class='ocrx_word' id='word_1_151' title='bbox 1116 2798 1265 2862; x_wconf 82' lang='lat' dir='ltr'>exteriori</span> 
     </span>
     <span class='ocr_line' id='line_1_21' title="bbox 209 2903 1267 2990; baseline 0.002 -22"><span class='ocrx_word' id='word_1_152' title='bbox 209 2907 244 2968; x_wconf 90' lang='lat' dir='ltr'>in</span> <span class='ocrx_word' id='word_1_153' title='bbox 264 2905 450 2988; x_wconf 78' lang='lat' dir='ltr'>pomoerium</span> <span class='ocrx_word' id='word_1_154' title='bbox 467 2917 532 2967; x_wconf 89' lang='lat' dir='ltr'>erat</span> <span class='ocrx_word' id='word_1_155' title='bbox 542 2903 722 2978; x_wconf 87' lang='lat' dir='ltr'>descensus,</span> <span class='ocrx_word' id='word_1_156' title='bbox 736 2903 922 2985; x_wconf 88' lang='lat' dir='ltr'>quantocius</span> <span class='ocrx_word' id='word_1_157' title='bbox 935 2903 1146 2984; x_wconf 86' lang='lat' dir='ltr'>diverterunt,</span> <span class='ocrx_word' id='word_1_158' title='bbox 1158 2907 1267 2990; x_wconf 87' lang='lat' dir='ltr'>proxi·</span> 
     </span>
     <span class='ocr_line' id='line_1_22' title="bbox 214 3012 1267 3098; baseline 0 -20"><span class='ocrx_word' id='word_1_159' title='bbox 214 3038 329 3098; x_wconf 89' lang='lat' dir='ltr'>maque</span> <span class='ocrx_word' id='word_1_160' title='bbox 344 3015 480 3078; x_wconf 82' lang='lat' dir='ltr'>fenestra</span> <span class='ocrx_word' id='word_1_161' title='bbox 495 3012 626 3076; x_wconf 90' lang='lat' dir='ltr'>demolit</span> <span class='ocrx_word' id='word_1_162' title='bbox 639 3013 733 3076; x_wconf 90' lang='lat' dir='ltr'>etiam</span> <span class='ocrx_word' id='word_1_163' title='bbox 747 3014 893 3090; x_wconf 69' lang='lat' dir='ltr'>acatium</span> <span class='ocrx_word' id='word_1_164' title='bbox 909 3026 1096 3079; x_wconf 88' lang='lat' dir='ltr'>reserarunt.</span> <span class='ocrx_word' id='word_1_165' title='bbox 1144 3016 1267 3081; x_wconf 78' lang='lat' dir='ltr'>Quum-</span> 
     </span>
     <span class='ocr_line' id='line_1_23' title="bbox 214 3123 1267 3211; baseline 0 -22"><span class='ocrx_word' id='word_1_166' title='bbox 214 3149 277 3211; x_wconf 89' lang='lat' dir='ltr'>que</span> <span class='ocrx_word' id='word_1_167' title='bbox 292 3127 460 3189; x_wconf 87' lang='lat' dir='ltr'>lortissimo</span> <span class='ocrx_word' id='word_1_168' title='bbox 478 3125 539 3188; x_wconf 89' lang='lat' dir='ltr'>Dei</span> <span class='ocrx_word' id='word_1_169' title='bbox 555 3123 682 3188; x_wconf 86' lang='lat' dir='ltr'>athletae</span> <span class='ocrx_word' id='word_1_170' title='bbox 708 3145 726 3186; x_wconf 87' lang='lat' dir='ltr'>a</span> <span class='ocrx_word' id='word_1_171' title='bbox 741 3124 1006 3206; x_wconf 86' lang='lat' dir='ltr'>praecurrentibus</span> <span class='ocrx_word' id='word_1_172' title='bbox 1030 3125 1157 3188; x_wconf 83' lang='lat' dir='ltr'>famulis</span> <span class='ocrx_word' id='word_1_173' title='bbox 1173 3126 1267 3189; x_wconf 89' lang='lat' dir='ltr'>undi-</span> 
     </span>
     <span class='ocr_line' id='line_1_24' title="bbox 215 3232 1271 3320; baseline 0.002 -23"><span class='ocrx_word' id='word_1_174' title='bbox 215 3258 280 3320; x_wconf 92' lang='lat' dir='ltr'>que</span> <span class='ocrx_word' id='word_1_175' title='bbox 305 3235 514 3298; x_wconf 86' lang='lat' dir='ltr'>acclamatum</span> <span class='ocrx_word' id='word_1_176' title='bbox 540 3246 623 3297; x_wconf 89' lang='lat' dir='ltr'>esset</span> <span class='ocrx_word' id='word_1_177' title='bbox 640 3247 676 3296; x_wconf 90' lang='lat' dir='ltr'>nt</span> <span class='ocrx_word' id='word_1_178' title='bbox 690 3233 826 3316; x_wconf 86' lang='lat' dir='ltr'>lugeret,</span> <span class='ocrx_word' id='word_1_179' title='bbox 844 3232 896 3296; x_wconf 91' lang='lat' dir='ltr'>ille</span> <span class='ocrx_word' id='word_1_180' title='bbox 913 3233 964 3297; x_wconf 89' lang='lat' dir='ltr'>cui</span> <span class='ocrx_word' id='word_1_181' title='bbox 981 3232 1060 3297; x_wconf 91' lang='lat' dir='ltr'>nihil</span> <span class='ocrx_word' id='word_1_182' title='bbox 1084 3234 1176 3298; x_wconf 91' lang='lat' dir='ltr'>vilius</span> <span class='ocrx_word' id='word_1_183' title='bbox 1203 3250 1271 3299; x_wconf 90' lang='lat' dir='ltr'>erat</span> 
     </span>
     <span class='ocr_line' id='line_1_25' title="bbox 216 3341 1269 3427; baseline 0.004 -21"><span class='ocrx_word' id='word_1_184' title='bbox 216 3367 309 3427; x_wconf 90' lang='lat' dir='ltr'>quam</span> <span class='ocrx_word' id='word_1_185' title='bbox 341 3360 477 3407; x_wconf 91' lang='lat' dir='ltr'>mortem</span> <span class='ocrx_word' id='word_1_186' title='bbox 510 3344 622 3406; x_wconf 89' lang='lat' dir='ltr'>timere</span> <span class='ocrx_word' id='word_1_187' title='bbox 649 3363 707 3426; x_wconf 91' lang='lat' dir='ltr'>pro</span> <span class='ocrx_word' id='word_1_188' title='bbox 734 3342 869 3417; x_wconf 84' lang='lat' dir='ltr'>Christo,</span> <span class='ocrx_word' id='word_1_189' title='bbox 894 3363 954 3405; x_wconf 87' lang='lat' dir='ltr'>nec</span> <span class='ocrx_word' id='word_1_190' title='bbox 975 3341 1045 3406; x_wconf 92' lang='lat' dir='ltr'>loco</span> <span class='ocrx_word' id='word_1_191' title='bbox 1072 3365 1133 3408; x_wconf 89' lang='lat' dir='ltr'>uec</span> <span class='ocrx_word' id='word_1_192' title='bbox 1163 3346 1269 3410; x_wconf 87' lang='lat' dir='ltr'>animo</span> 
     </span>
     <span class='ocr_line' id='line_1_26' title="bbox 215 3443 1268 3537; baseline 0.001 -19"><span class='ocrx_word' id='word_1_193' title='bbox 215 3469 321 3518; x_wconf 89' lang='lat' dir='ltr'>motus</span> <span class='ocrx_word' id='word_1_194' title='bbox 337 3469 393 3518; x_wconf 86' lang='lat' dir='ltr'>est.</span> <span class='ocrx_word' id='word_1_195' title='bbox 438 3443 634 3516; x_wconf 78' lang='lat' dir='ltr'>instantibus</span> <span class='ocrx_word' id='word_1_196' title='bbox 649 3452 743 3516; x_wconf 88' lang='lat' dir='ltr'>etiarn</span> <span class='ocrx_word' id='word_1_197' title='bbox 761 3465 825 3514; x_wconf 90' lang='lat' dir='ltr'>tam</span> <span class='ocrx_word' id='word_1_198' title='bbox 842 3450 962 3515; x_wconf 91' lang='lat' dir='ltr'>clericis</span> <span class='ocrx_word' id='word_1_199' title='bbox 978 3475 1076 3537; x_wconf 90' lang='lat' dir='ltr'>quam</span> <span class='ocrx_word' id='word_1_200' title='bbox 1102 3455 1268 3519; x_wconf 90' lang='lat' dir='ltr'>monachis</span> 
     </span>
     <span class='ocr_line' id='line_1_27' title="bbox 217 3559 1271 3650; baseline 0.001 -23"><span class='ocrx_word' id='word_1_201' title='bbox 217 3581 249 3627; x_wconf 89' lang='lat' dir='ltr'>et</span> <span class='ocrx_word' id='word_1_202' title='bbox 259 3562 377 3648; x_wconf 90' lang='lat' dir='ltr'>oppido</span> <span class='ocrx_word' id='word_1_203' title='bbox 392 3563 482 3624; x_wconf 90' lang='lat' dir='ltr'>illum</span> <span class='ocrx_word' id='word_1_204' title='bbox 498 3560 537 3624; x_wconf 92' lang='lat' dir='ltr'>ad</span> <span class='ocrx_word' id='word_1_205' title='bbox 563 3562 669 3644; x_wconf 86' lang='lat' dir='ltr'>lugam</span> <span class='ocrx_word' id='word_1_206' title='bbox 687 3559 896 3638; x_wconf 69' lang='lat' dir='ltr'>hortantibus</span> <span class='ocrx_word' id='word_1_207' title='bbox 913 3583 1033 3624; x_wconf 90' lang='lat' dir='ltr'>memor</span> <span class='ocrx_word' id='word_1_208' title='bbox 1048 3563 1100 3627; x_wconf 89' lang='lat' dir='ltr'>ille</span> <span class='ocrx_word' id='word_1_209' title='bbox 1125 3565 1271 3650; x_wconf 90' lang='lat' dir='ltr'>promissi</span> 
     </span>
     <span class='ocr_line' id='line_1_28' title="bbox 217 3670 1269 3758; baseline 0.004 -23"><span class='ocrx_word' id='word_1_210' title='bbox 217 3676 337 3758; x_wconf 88' lang='lat' dir='ltr'>prioris,</span> <span class='ocrx_word' id='word_1_211' title='bbox 356 3687 443 3736; x_wconf 89' lang='lat' dir='ltr'>metu</span> <span class='ocrx_word' id='word_1_212' title='bbox 466 3670 610 3734; x_wconf 90' lang='lat' dir='ltr'>videlicet</span> <span class='ocrx_word' id='word_1_213' title='bbox 621 3670 730 3733; x_wconf 90' lang='lat' dir='ltr'>mortis</span> <span class='ocrx_word' id='word_1_214' title='bbox 745 3693 778 3732; x_wconf 91' lang='lat' dir='ltr'>se</span> <span class='ocrx_word' id='word_1_215' title='bbox 790 3693 855 3733; x_wconf 93' lang='lat' dir='ltr'>non</span> <span class='ocrx_word' id='word_1_216' title='bbox 864 3671 1036 3755; x_wconf 81' lang='lat' dir='ltr'>fugiturum</span> <span class='ocrx_word' id='word_1_217' title='bbox 1053 3675 1155 3737; x_wconf 83' lang='lat' dir='ltr'>carnis</span> <span class='ocrx_word' id='word_1_218' title='bbox 1170 3676 1218 3739; x_wconf 89' lang='lat' dir='ltr'>int</span> <span class='ocrx_word' id='word_1_219' title='bbox 1238 3698 1269 3739; x_wconf 91' lang='lat' dir='ltr'>r-</span> 
     </span>
     <span class='ocr_line' id='line_1_29' title="bbox 216 3779 1270 3865; baseline -0.001 -16"><span class='ocrx_word' id='word_1_220' title='bbox 216 3786 358 3860; x_wconf 84' lang='lat' dir='ltr'>iectores,</span> <span class='ocrx_word' id='word_1_221' title='bbox 374 3783 581 3845; x_wconf 91' lang='lat' dir='ltr'>nihilominus</span> <span class='ocrx_word' id='word_1_222' title='bbox 597 3779 725 3844; x_wconf 90' lang='lat' dir='ltr'>sedebat</span> <span class='ocrx_word' id='word_1_223' title='bbox 741 3780 928 3864; x_wconf 89' lang='lat' dir='ltr'>intrepidus,</span> <span class='ocrx_word' id='word_1_224' title='bbox 950 3781 1094 3845; x_wconf 91' lang='lat' dir='ltr'>nesciens</span> <span class='ocrx_word' id='word_1_225' title='bbox 1117 3805 1188 3846; x_wconf 90' lang='lat' dir='ltr'>cnm</span> <span class='ocrx_word' id='word_1_226' title='bbox 1210 3785 1270 3865; x_wconf 91' lang='lat' dir='ltr'>his,</span> 
     </span>
     <span class='ocr_line' id='line_1_30' title="bbox 221 3890 1268 3978; baseline 0.002 -21"><span class='ocrx_word' id='word_1_227' title='bbox 221 3895 275 3978; x_wconf 91' lang='lat' dir='ltr'>qui</span> <span class='ocrx_word' id='word_1_228' title='bbox 296 3894 336 3957; x_wconf 93' lang='lat' dir='ltr'>ad</span> <span class='ocrx_word' id='word_1_229' title='bbox 363 3907 489 3975; x_wconf 89' lang='lat' dir='ltr'>tempus</span> <span class='ocrx_word' id='word_1_230' title='bbox 511 3890 655 3964; x_wconf 90' lang='lat' dir='ltr'>credunt,</span> <span class='ocrx_word' id='word_1_231' title='bbox 678 3891 710 3951; x_wconf 90' lang='lat' dir='ltr'>in</span> <span class='ocrx_word' id='word_1_232' title='bbox 734 3903 876 3971; x_wconf 88' lang='lat' dir='ltr'>tempore</span> <span class='ocrx_word' id='word_1_233' title='bbox 906 3890 1089 3953; x_wconf 89' lang='lat' dir='ltr'>tentationis</span> <span class='ocrx_word' id='word_1_234' title='bbox 1113 3893 1268 3959; x_wconf 87' lang='lat' dir='ltr'>recedere.</span> 
     </span>
     <span class='ocr_line' id='line_1_31' title="bbox 221 3997 1271 4087; baseline 0.004 -22"><span class='ocrx_word' id='word_1_235' title='bbox 221 4002 373 4066; x_wconf 86' lang='lat' dir='ltr'>Monachi</span> <span class='ocrx_word' id='word_1_236' title='bbox 408 4022 491 4074; x_wconf 86' lang='lat' dir='ltr'>vero,</span> <span class='ocrx_word' id='word_1_237' title='bbox 517 3999 571 4081; x_wconf 91' lang='lat' dir='ltr'>qui</span> <span class='ocrx_word' id='word_1_238' title='bbox 600 3999 680 4060; x_wconf 85' lang='lat' dir='ltr'>lorte</span> <span class='ocrx_word' id='word_1_239' title='bbox 695 3998 787 4083; x_wconf 88' lang='lat' dir='ltr'>pauci</span> <span class='ocrx_word' id='word_1_240' title='bbox 803 3997 945 4073; x_wconf 91' lang='lat' dir='ltr'>aderant,</span> <span class='ocrx_word' id='word_1_241' title='bbox 962 4020 1062 4062; x_wconf 90' lang='lat' dir='ltr'>seram</span> <span class='ocrx_word' id='word_1_242' title='bbox 1078 4002 1159 4078; x_wconf 91' lang='lat' dir='ltr'>ostii,</span> <span class='ocrx_word' id='word_1_243' title='bbox 1185 4005 1271 4087; x_wconf 90' lang='lat' dir='ltr'>quod</span> 
     </span>
     <span class='ocr_line' id='line_1_32' title="bbox 220 4105 1270 4198; baseline 0.003 -22"><span class='ocrx_word' id='word_1_244' title='bbox 220 4112 260 4176; x_wconf 87' lang='lat' dir='ltr'>ad</span> <span class='ocrx_word' id='word_1_245' title='bbox 276 4111 439 4175; x_wconf 81' lang='lat' dir='ltr'>ecclesiam</span> <span class='ocrx_word' id='word_1_246' title='bbox 459 4130 513 4192; x_wconf 87' lang='lat' dir='ltr'>per</span> <span class='ocrx_word' id='word_1_247' title='bbox 529 4107 699 4170; x_wconf 89' lang='lat' dir='ltr'>claustrum</span> <span class='ocrx_word' id='word_1_248' title='bbox 715 4105 862 4184; x_wconf 88' lang='lat' dir='ltr'>ducebat,</span> <span class='ocrx_word' id='word_1_249' title='bbox 877 4107 1123 4193; x_wconf 75' lang='lat' dir='ltr'>confringentes,</span> <span class='ocrx_word' id='word_1_250' title='bbox 1148 4127 1270 4198; x_wconf 90' lang='lat' dir='ltr'>patrem</span> 
     </span>
     <span class='ocr_line' id='line_1_33' title="bbox 221 4215 1272 4300; baseline 0.005 -15"><span class='ocrx_word' id='word_1_251' title='bbox 221 4245 324 4297; x_wconf 89' lang='lat' dir='ltr'>suurn,</span> <span class='ocrx_word' id='word_1_252' title='bbox 345 4220 419 4284; x_wconf 90' lang='lat' dir='ltr'>licet</span> <span class='ocrx_word' id='word_1_253' title='bbox 445 4217 590 4293; x_wconf 87' lang='lat' dir='ltr'>invitum,</span> <span class='ocrx_word' id='word_1_254' title='bbox 613 4215 749 4279; x_wconf 88' lang='lat' dir='ltr'>educere</span> <span class='ocrx_word' id='word_1_255' title='bbox 780 4216 974 4300; x_wconf 83' lang='lat' dir='ltr'>satagebant,</span> <span class='ocrx_word' id='word_1_256' title='bbox 1001 4218 1214 4287; x_wconf 87' lang='lat' dir='ltr'>honestiorem</span> <span class='ocrx_word' id='word_1_257' title='bbox 1243 4227 1272 4290; x_wconf 87' lang='lat' dir='ltr'>ci</span> 
     </span>
     <span class='ocr_line' id='line_1_34' title="bbox 222 4324 1273 4416; baseline 0.002 -21"><span class='ocrx_word' id='word_1_258' title='bbox 222 4329 406 4394; x_wconf 89' lang='lat' dir='ltr'>discedendi</span> <span class='ocrx_word' id='word_1_259' title='bbox 419 4349 545 4390; x_wconf 91' lang='lat' dir='ltr'>causam</span> <span class='ocrx_word' id='word_1_260' title='bbox 570 4337 793 4411; x_wconf 89' lang='lat' dir='ltr'>proponentes,</span> <span class='ocrx_word' id='word_1_261' title='bbox 810 4324 921 4388; x_wconf 89' lang='lat' dir='ltr'>horam</span> <span class='ocrx_word' id='word_1_262' title='bbox 941 4325 1089 4392; x_wconf 89' lang='lat' dir='ltr'>videlicet</span> <span class='ocrx_word' id='word_1_263' title='bbox 1109 4352 1185 4409; x_wconf 91' lang='lat' dir='ltr'>esse,</span> <span class='ocrx_word' id='word_1_264' title='bbox 1210 4357 1273 4416; x_wconf 87' lang='lat' dir='ltr'>qua</span> 
     </span>
     <span class='ocr_line' id='line_1_35' title="bbox 223 4432 1267 4522; baseline 0.005 -19"><span class='ocrx_word' id='word_1_265' title='bbox 223 4440 355 4504; x_wconf 86' lang='lat' dir='ltr'>eumin</span> <span class='ocrx_word' id='word_1_266' title='bbox 384 4437 515 4502; x_wconf 87' lang='lat' dir='ltr'>ecclesia</span> <span class='ocrx_word' id='word_1_267' title='bbox 544 4435 736 4522; x_wconf 84' lang='lat' dir='ltr'>vespertinas</span> <span class='ocrx_word' id='word_1_268' title='bbox 770 4432 881 4498; x_wconf 90' lang='lat' dir='ltr'>laudes</span> <span class='ocrx_word' id='word_1_269' title='bbox 910 4443 1070 4520; x_wconf 84' lang='lat' dir='ltr'>oporteret</span> <span class='ocrx_word' id='word_1_270' title='bbox 1099 4443 1267 4509; x_wconf 87' lang='lat' dir='ltr'>exsolvere.</span> 
     </span>
     <span class='ocr_line' id='line_1_36' title="bbox 224 4542 1272 4633; baseline 0.004 -19"><span class='ocrx_word' id='word_1_271' title='bbox 224 4549 290 4614; x_wconf 93' lang='lat' dir='ltr'>Alii</span> <span class='ocrx_word' id='word_1_272' title='bbox 306 4572 380 4614; x_wconf 88' lang='lat' dir='ltr'>eum</span> <span class='ocrx_word' id='word_1_273' title='bbox 395 4547 519 4633; x_wconf 86' lang='lat' dir='ltr'>injectis</span> <span class='ocrx_word' id='word_1_274' title='bbox 534 4545 680 4611; x_wconf 87' lang='lat' dir='ltr'>manibus</span> <span class='ocrx_word' id='word_1_275' title='bbox 698 4542 825 4629; x_wconf 87' lang='lat' dir='ltr'>erigunt</span> <span class='ocrx_word' id='word_1_276' title='bbox 845 4553 877 4608; x_wconf 91' lang='lat' dir='ltr'>et</span> <span class='ocrx_word' id='word_1_277' title='bbox 892 4545 957 4608; x_wconf 86' lang='lat' dir='ltr'>vim</span> <span class='ocrx_word' id='word_1_278' title='bbox 973 4545 1004 4608; x_wconf 90' lang='lat' dir='ltr'>ei</span> <span class='ocrx_word' id='word_1_279' title='bbox 1018 4545 1151 4616; x_wconf 87' lang='lat' dir='ltr'>iaciunt.</span> <span class='ocrx_word' id='word_1_280' title='bbox 1175 4550 1272 4618; x_wconf 89' lang='lat' dir='ltr'>Tunc</span> 
     </span>
    </p>
   </div>
   <div class='ocr_carea' id='block_1_3' title="bbox 0 0 1639 5166">
    <p class='ocr_par' dir='ltr' id='par_1_5' title="bbox 0 0 1639 5166">
     <span class='ocr_line' id='line_1_37' title="bbox 0 0 1639 5166; baseline 0 0"><span class='ocrx_word' id='word_1_281' title='bbox 0 0 1639 5166; x_wconf 95' lang='lat' dir='ltr'> </span> 
     </span>
    </p>
   </div>
  </div>
 </body>
</html>
