3232 5166
336 481 374 541 78
638 474 826 538 Buranrcrr
848 493 990 538 assarta
1279 471 1344 552 [lib.
1358 467 1385 532 1.

329 644 483 710 orandum
507 643 599 708 sclito
622 646 723 708 acrius
750 644 889 708 cruciata
922 643 1010 726 quasi
1039 639 1176 725 virgulas
1206 637 1320 702 multas
1350 639 1384 701 in

330 755 435 838 capite
466 753 525 818 sibi
555 754 738 818 minutatim
768 753 926 835 confringi
962 751 1100 836 putabat.
1162 747 1387 813 Sciscitabatur

332 863 491 926 adstantes
508 871 517 900 ‘
526 862 713 926 audirentne
730 862 817 949 quod
829 862 863 924 in
879 861 978 947 capite
994 883 1053 924 suo
1068 859 1253 924 resonabat!
1296 859 1386 922 Dum

329 995 404 1058 crgo
423 973 467 1035 ita
493 971 705 1048 tribularetur,
726 972 872 1036 clamavit
895 971 935 1034 ad
961 970 1149 1046 Dominum,
1171 982 1204 1032 et
1223 967 1388 1032 exaudivit

331 1104 414 1146 earn.
462 1082 552 1145 luter
574 1081 775 1146 clamandum
798 1081 886 1144 enim
913 1081 1005 1166 quasi
1026 1091 1121 1166 rupto
1144 1080 1276 1144 interius
1298 1101 1388 1164 apos·

331 1204 459 1266 temate,
491 1191 594 1254 sanies
620 1192 660 1255 ab
675 1193 803 1255 auribus
828 1191 913 1256 illius
937 1191 1062 1257 effluxit
1084 1191 1242 1277 plurima:
1265 1190 1388 1254 saniem

330 1322 483 1386 sequutus
498 1313 546 1366 est
562 1302 710 1388 sanguis3
733 1302 921 1388 sanguinem
936 1301 1063 1366 auditus
1078 1301 1183 1365 amissi
1199 1300 1311 1388 gratia.

798 1522 952 1587 XXXIX.

377 1668 554 1734 Olfaciendi
581 1669 709 1732 delicias
732 1692 859 1754 quoque
880 1669 1042 1734 nonnullis
1063 1671 1211 1734 amiserat
1231 1670 1322 1733 annis
1343 1668 1390 1732 vir

335 1778 375 1842 de
410 1778 557 1842 Tenham
591 1779 765 1856 Elwardua
788 1795 821 1844 et
843 1782 974 1844 omnino
996 1780 1077 1843 nihil
1099 1779 1229 1844 odorare
1257 1778 1390 1843 valebat.

330 1887 498 1972 Ingressus
513 1902 561 1953 est
577 1889 618 1952 ad
633 1890 738 1955 locum
755 1891 809 1954 ubi
826 1890 982 1974 requievit
996 1890 1050 1954 ille
1067 1891 1184 1955 Christi
1195 1891 1298 1954 bonus
1311 1888 1389 1953 odor

329 2001 365 2062 in
381 1999 470 2064 omni
485 1999 554 2064 loco
570 1999 624 2064 illa
638 2000 800 2065 suavitatis
815 2001 928 2076 hostia,
941 1999 996 2064 illa
1005 2001 1097 2064 arbor
1107 2000 1286 2076 aromatica,
1298 2001 1389 2084 cujus

327 2110 396 2194 jam
419 2108 557 2173 mundus
582 2109 748 2174 universus
771 2111 868 2176 sensit
889 2111 1111 2196 fragrantiam
1145 2109 1202 2174 sed
1219 2121 1390 2195 antequam

334 2217 375 2280 ad
390 2215 582 2282 odoriferum
598 2219 689 2283 illum
710 2219 839 2305 Angliae
857 2220 967 2284 florem
987 2221 1190 2306 pervenisset,
1206 2232 1391 2285 occurrente

333 2326 393 2391 sibi
414 2325 511 2390 odore
534 2329 719 2392 suavissimo
741 2350 895 2416 naresque
926 2351 999 2395 suas
1027 2329 1207 2415 complente
1226 2328 1393 2395 adoratum

336 2457 370 2500 se
384 2457 585 2522 recuperasse
601 2438 725 2525 gavisus
741 2451 799 2504 cst.

833 2659 905 2727 XL.

401 2793 472 2858 Nec
493 2794 573 2858 illud
594 2795 755 2859 silendum
768 2819 835 2859 esse
851 2809 1012 2882 putamus,
1022 2797 1118 2880 quod,
1135 2797 1243 2862 multis
1255 2809 1396 2884 optatam

332 2903 500 2968 sanitatem
515 2903 769 2988 impetrantibus,
786 2904 844 2967 uni
864 2905 1029 2970 manifeste
1046 2918 1161 2992 negata
1176 2921 1231 2971 est
1287 2910 1392 2972 Puero

336 3035 474 3097 namque
490 3026 653 3079 contracto
673 3013 840 3100 gradiendi
863 3014 997 3100 gratiam
1013 3039 1032 3082 a
1047 3029 1182 3104 martyre
1197 3017 1394 3084 mendicanti

336 3136 380 3202 et,
403 3126 505 3211 capite
528 3147 622 3211 super
643 3126 873 3212 sarcophagum
894 3126 1056 3205 reclinato,
1080 3149 1156 3193 casu
1177 3128 1395 3195 obdormienti

336 3234 451 3297 institit
466 3246 594 3297 sanctus
609 3253 707 3320 pater,
724 3235 768 3298 ita
791 3235 947 3318 inquiens,
965 3245 985 3275 ‘⁶
997 3237 1086 3304 Quid
1101 3239 1188 3323 jaces
1208 3261 1303 3325 super
1318 3240 1393 3304 me?

337 3343 505 3407 sanitatem
519 3365 585 3406 non
601 3343 750 3421 habebis;
763 3345 939 3422 descendc3
964 3347 1045 3410 nihil
1057 3347 1115 3410 tibi
1136 3349 1274 3413 facturus
1296 3351 1397 3414 sum.”

338 3451 377 3517 In
390 3453 438 3517 his
449 3454 556 3517 verbis
570 3454 811 3540 expergefactus
827 3467 883 3532 est,
896 3467 1004 3520 ettam
1016 3456 1106 3522 nobis
1118 3480 1214 3544 quam
1224 3461 1318 3524 matri
1330 3483 1395 3526 suae

337 3578 403 3626 no'n
419 3563 537 3647 absque
563 3563 665 3628 multa
688 3562 792 3630 cordis
816 3567 1007 3632 contritione
1031 3568 1118 3653 quod
1142 3570 1286 3636 audierat
1303 3594 1395 3637 enar·

334 3673 424 3750 ravit,
436 3685 601 3758 certusque
617 3674 658 3739 de
670 3676 928 3743 immutabilitate
943 3680 1108 3745 sententiae
1123 3681 1157 3746 in
1172 3683 1279 3747 locum
1293 3684 1393 3748 alium

340 3785 505 3872 transponi
527 3808 560 3850 se
584 3786 677 3853 fecit:
717 3788 917 3854 hortantibus
940 3801 1046 3857 tamen
1069 3794 1161 3860 nobis
1183 3809 1219 3860 ut
1248 3777 1396 3882 precibus

343 3895 551 3963 nihilominus
587 3897 797 3978 incumberet,
833 3902 1001 3989 acquievit,
1031 3904 1088 3972 sed
1124 3918 1251 3994 tempus
1280 3909 1397 3994 absque

339 4008 482 4088 sanitatis
498 4007 715 4076 emolumento
731 4014 935 4100 consumpsit
