3232 5166
214 529 345 616 capla]
536 551 579 594 nu
604 553 720 598 urano.
746 533 778 602 S.
802 533 944 598 Tarona.
1226 541 1268 599 49

202 667 330 766 ‘mentis
352 701 472 766 malitia
493 701 674 768 declinabat
689 705 909 769 consortium?
954 703 1044 768 Istud
1066 705 1149 769 inter
1171 705 1274 768 maxi-

216 833 268 876 rna
282 801 435 878 miracula
449 813 612 878 nonnullis
627 815 823 901 sapientibus
838 816 1012 878 maximum
1025 837 1091 880 esse
1107 815 1242 880 videtur.

691 997 789 1063 VIII.

259 1107 422 1173 Quoniam
445 1108 543 1194 igitur
559 1111 812 1194 persequutionis
832 1109 994 1186 nebulam,
1018 1129 1090 1194 quae
1106 1109 1270 1174 lucernam

212 1219 369 1303 martyris,
394 1232 429 1283 ut
444 1220 588 1304 superius
610 1219 804 1296 dictumest,
821 1219 1064 1306 interpolabat,*
1080 1220 1168 1284 Deus
1190 1233 1270 1284 atte-

211 1328 330 1404 nuavit,
348 1347 380 1391 et
395 1351 414 1392 a
429 1329 603 1392 visionibus
625 1329 666 1393 ad
691 1329 914 1394 miraculorum
937 1331 1135 1394 mentionem
1163 1351 1268 1393 sermo

212 1438 367 1516 transivit,
391 1438 453 1502 illis
482 1440 604 1502 omissis
628 1440 694 1504 brec
717 1440 793 1505 libet
816 1440 1014 1518 subnectere,
1038 1463 1080 1504 ne
1103 1440 1266 1526 signorum

210 1549 345 1634 penuria
367 1550 565 1613 somniorum
596 1551 705 1615 naeniis
727 1550 873 1614 dicamur
906 1551 1076 1625 immorari,
1100 1565 1266 1614 eteorum

210 1658 341 1743 quidem
356 1659 510 1725 duntaxat
526 1662 664 1724 teximus
681 1661 844 1724 historiam
863 1682 958 1744 quam
976 1661 1025 1724 vel
1043 1659 1142 1723 oculis
1153 1660 1266 1723 nostris

211 1769 429 1852 perspeximus
445 1767 495 1832 vel
510 1769 549 1832 ab
563 1770 637 1853 ipsis
650 1769 783 1832 infirmis
794 1771 861 1853 jam
877 1769 1003 1842 sanatis,
1016 1789 1192 1853 eorumque
1206 1782 1267 1832 tes-

208 1875 293 1938 tibus
304 1876 492 1953 audivimus,
503 1877 554 1941 vel
569 1880 708 1942 virorum
723 1878 953 1962 religiosorum,
970 1877 1024 1960 qui
1040 1899 1078 1940 ea
1092 1876 1265 1941 oculissuis

208 1985 362 2062 viderant,
375 1986 545 2051 didicimus
555 1989 747 2053 testimonio.
774 1987 914 2051 Stultum
927 2002 974 2050 est
982 1988 1115 2073 gratiam
1128 2001 1160 2050 et
1170 1987 1265 2073 glori-

207 2116 268 2172 am,
283 2118 377 2179 qnam
390 2096 479 2160 dedit
502 2098 601 2172 Dens,
613 2098 694 2160 velle
716 2096 918 2174 abscondere,
931 2111 964 2160 et
975 2097 1129 2182 impietati
1142 2097 1264 2160 similli-

208 2226 297 2268 mum
314 2205 374 2284 his,
400 2208 454 2292 qni
471 2206 504 2269 in
523 2207 661 2270 tenebris
677 2223 709 2272 et
725 2209 837 2272 umbra
852 2209 963 2272 mortis
977 2208 1098 2285 sedent,
1110 2208 1262 2294 gaudium

208 2314 287 2378 lucis
307 2315 392 2379 nolle
413 2318 616 2381 annunciare.
665 2316 749 2381 Ecce
770 2341 908 2401 namque
926 2319 1125 2382 beatissimus
1142 2319 1263 2382 Christi

209 2440 327 2510 martyr
342 2425 483 2490 Thomas
496 2428 650 2492 muudum
663 2449 769 2492 rursus
784 2442 818 2493 et
833 2429 925 2494 solito
941 2430 1069 2493 uberius
1085 2430 1261 2505 illuminat;

210 2535 332 2598 mundo
345 2536 461 2600 iterum
473 2538 572 2601 factus
583 2551 631 2602 est
643 2537 777 2624 asylum,
790 2539 846 2623 qui
859 2538 1011 2621 quamdiu
1023 2538 1084 2602 luit
1094 2540 1126 2602 in
1139 2539 1261 2602 mundo

208 2643 266 2707 lux
278 2646 339 2709 fuit
351 2645 462 2708 mundi
475 2660 507 2709 et
524 2647 617 2710 turris
632 2648 699 2732 ejus
711 2647 904 2710 fortitudinis
916 2670 935 2711 a
947 2647 1024 2710 facie
1036 2647 1158 2710 inimici
1171 2675 1178 2711 :
1202 2669 1261 2711 un·

207 2754 248 2819 de
265 2778 323 2819 nco
338 2758 441 2839 potuit
451 2756 607 2820 mundum
625 2757 827 2821 tenebrosum
840 2757 920 2820 tanti
934 2757 1007 2820 solis
1019 2756 1113 2820 latere
1123 2779 1262 2833 occasus,

207 2888 268 2929 nec
284 2879 371 2930 tanta
387 2867 480 2930 turris
496 2869 637 2931 sonitum
654 2889 806 2953 magnum
822 2887 887 2932 non
904 2866 979 2932 dare
997 2889 1098 2950 quum
1112 2866 1239 2932 caderet
1255 2892 1262 2932 :

206 2975 340 3040 tractum
356 2990 404 3039 est
420 2976 611 3041 alabastrum
627 2977 660 3040 in
677 2977 898 3041 Cantuariensi
916 2975 1056 3052 ecclesia,
1079 2989 1112 3040 et
1129 2990 1260 3061 repente

206 3085 327 3169 repleta
341 3099 389 3149 est
404 3085 518 3150 domus
533 3087 718 3152 universalis
733 3109 774 3150 ox
786 3086 882 3150 odore
905 3087 1071 3172 unguenti.
1121 3087 1261 3152 Athletas

205 3196 447 3260 constantissimi
477 3195 632 3281 gloriosus
664 3195 842 3280 triumphus
871 3217 932 3260 neo
962 3194 1053 3258 aulas·
1080 3196 1260 3282 principum

205 3304 308 3381 latuit,
327 3327 385 3368 nec
400 3326 576 3390 pauperum
593 3305 762 3390 praeterivit
778 3303 922 3390 tuguria:
954 3326 1040 3368 mors
1054 3306 1123 3390 ejus
1138 3307 1261 3372 cunctis

206 3415 302 3478 etiam
318 3415 445 3500 longius
459 3415 589 3478 remotis
604 3414 721 3498 absque
738 3414 940 3479 cunctatione
957 3413 1107 3480 innotuit.

694 3593 758 3660 IX.

250 3705 393 3771 Perlatus
408 3720 455 3771 est
469 3728 578 3770 rumor
598 3705 768 3770 execrandi
785 3705 929 3770 facinoris
950 3704 1003 3770 die
1019 3707 1112 3769 tertio
1127 3707 1161 3769 in
1178 3707 1260 3770 mili-

204 3819 246 3883 tis
260 3818 393 3883 domum
409 3818 449 3884 de
469 3816 777 3895 Sussexia‚1toberti
792 3817 831 3880 de
851 3817 966 3882 Sancto
979 3816 1109 3880 Andrea
1118 3819 1258 3897 nomine,

205 3930 298 4015 cujus
310 3951 389 3992 uxor
403 3931 519 3993 Emma
532 3929 619 4014 gravi
636 3949 742 4014 pressa
758 3927 940 3991 infirmitate
956 3925 1035 3990 lucis
1050 3926 1145 3990 etiam
1162 3927 1258 3990 bene·

210 4049 1253 4080 *ww-*ffi-

241 4117 315 4169 ’See
333 4134 400 4186 page
416 4119 459 4168 40.
