3232 5166
690 517 881 588 Brurnrcrr
903 545 1048 595 assatus
1294 532 1403 618 [1th
1484 566 1489 578 ¹

780 785 782 791 .
820 749 920 816 XIII.

392 881 435 945 Et
452 895 521 968 post
536 883 604 948 dies
620 897 692 948 octo
707 887 811 972 quinti
833 887 924 951 nobis
945 888 1087 954 miraculi
1108 890 1264 954 succrevit
1285 889 1401 955 laetitia.

351 989 537 1057 Innocentis
552 994 761 1078 simplicitatis
776 1009 808 1060 et
823 997 974 1083 simplicis
990 998 1182 1063 innocentiae
1196 1000 1274 1077 viro,
1286 999 1404 1064 Willel·

348 1125 412 1178 mo,
430 1105 615 1190 presbytero
631 1105 962 1186 Londoniensi,'dum
987 1122 1098 1192 quarto
1121 1108 1173 1173 die
1197 1122 1271 1174 ante
1299 1110 1403 1174 natale

351 1214 436 1278 beati
452 1215 597 1292 Thomas,
620 1218 654 1280 in
677 1217 775 1281 natali
799 1218 949 1284 videlicet
973 1220 1211 1306 protomartyris
1237 1220 1403 1307 Stephani,

350 1323 569 1401 discumberet,
585 1325 727 1390 officinm
744 1326 863 1413 liuguae
886 1328 1034 1415 paralysis
1049 1343 1181 1415 repente
1196 1330 1402 1394 subtraxerat.

347 1433 464 1498 Vocati
480 1450 555 1501 suut
581 1436 696 1501 medici
719 1438 813 1523 periti
833 1437 918 1503 duo:
947 1438 1084 1524 spondet
1100 1439 1147 1502 illi
1162 1453 1296 1522 uterque
1312 1441 1403 1504 auxi-

350 1546 454 1619 lium:
478 1547 608 1631 suscipit
633 1561 766 1634 aegrotus
790 1549 829 1612 ab
854 1564 988 1633 utroque
1012 1549 1195 1635 singulatim
1221 1550 1403 1628 theriacam,

352 1679 447 1741 quarn
477 1679 510 1722 se
540 1672 674 1742 uterque
704 1660 956 1745 probatissimam
980 1660 1096 1725 habere
1116 1662 1291 1746 jactaverat
1302 1688 1312 1740 3
1346 1661 1403 1725 scd

351 1768 441 1831 nulla
455 1768 603 1832 theriacae
617 1769 767 1845 efficacia,
783 1769 890 1834 nullus
905 1771 1013 1855 aegroti
1028 1769 1207 1852 profectus:
1239 1793 1402 1854 quumque

353 1878 566 1942 sanctissimus
581 1878 644 1941 Dei
667 1876 813 1942 sacerdos
836 1901 869 1942 se
894 1879 998 1960 ipsum
1016 1878 1146 1942 Christo
1173 1878 1205 1941 iu
1224 1878 1345 1943 Christi
1372 1892 1406 1943 et

352 2010 410 2072 pro
427 1987 547 2053 Christi
564 1987 705 2052 Ecclesia
719 1988 906 2051 sacrificium
922 1987 1085 2052 obtulisset
1101 1988 1181 2064 De0,
1197 2001 1230 2053 et
1255 2010 1312 2072 per
1334 2011 1404 2052 san-

350 2100 482 2184 guinem
493 2099 655 2184 proprium
664 2099 698 2161 in
707 2099 1003 2180 sanctasanctorum
1014 2098 1182 2173 introisset,
1195 2099 1341 2184 apparuit
1351 2098 1403 2161 alii

352 2207 468 2271 clerico
483 2206 701 2270 Londoniensi
717 2207 765 2270 vir
781 2205 908 2290 quidem
925 2206 1088 2270 clarissimi
1104 2220 1138 2269 et
1157 2205 1404 2270 reverentissimi

352 2331 508 2402 aspectus,
523 2307 642 2392 dicens,
659 2325 679 2354 ‘⁶
693 2316 804 2401 Surge,
820 2315 900 2380 vade
924 2329 957 2380 et
972 2315 1023 2380 dic
1040 2314 1200 2380 Willelmo
1220 2317 1404 2402 presbytero

352 2442 390 2493 ut
404 2427 606 2492 Cantuariam
616 2426 656 2490 ad
669 2449 788 2490 norum
805 2424 925 2490 Christi
940 2441 1112 2510 martyrem
1126 2438 1258 2510 pergat:
1280 2425 1307 2487 si
1322 2424 1406 2488 stilla

328 2567 344 2580 ·
353 2539 433 2603 sacri
447 2538 565 2602 cruoris
580 2535 698 2622 lingum
709 2535 793 2600 illius
807 2534 903 2598 fuerit
914 2534 1120 2620 superposita,
1132 2533 1354 2597 reformabitur
1365 2533 1405 2597 ad

352 2648 539 2734 loquelam.”
563 2647 778 2728 Rursumque,
790 2666 891 2730 quum
901 2643 1087 2718 discederet,
1098 2643 1278 2718 “Audisti”
1289 2644 1405 2728 inquit,

352 2769 373 2799 “
388 2783 459 2843 quae
474 2760 648 2822 dictasunt
663 2757 719 2820 tibi
736 2757 749 2820 Ρ
773 2778 849 2819 cave
865 2778 905 2818 ne
922 2754 1071 2818 mandata
1086 2754 1283 2839 praetereas.”
1306 2751 1406 2817 Venit

351 2868 405 2932 illc
419 2867 576 2930 nuncians
591 2866 777 2950 presbytero
788 2865 881 2948 juxta
891 2862 977 2948 quod
993 2864 1026 2926 in
1042 2863 1199 2927 mandatis
1220 2875 1404 2946 acceperat:

351 2976 453 3042 credit
468 2977 563 3041 homo
578 2973 727 3051 sermoni,
744 2994 840 3056 quem
856 2973 937 3037 dixit
962 2974 993 3037 ei
1017 2973 1160 3048 nuntius,
1188 2980 1221 3036 et
1244 2973 1406 3058 profectus

351 3101 398 3153 cst
412 3089 530 3152 statim.
586 3085 684 3148 Venit
695 3085 802 3170 itaque
817 3083 1034 3159 Cantilenam,
1045 3097 1078 3147 et
1093 3082 1133 3146 ad
1149 3083 1291 3147 tumbam
1304 3083 1406 3146 sancti

349 3197 507 3283 martyris,
532 3198 698 3280 impetrata
723 3193 862 3271 licentia,
888 3214 1009 3278 pernox
1025 3192 1058 3254 in
1082 3193 1226 3256 oratione
1251 3191 1404 3277 vigilavit.

317 3341 334 3354 ··
350 3308 456 3373 Datur
469 3311 500 3372 ei
524 3306 685 3391 sanguinis
701 3318 800 3390 gutta,
817 3326 910 3386 qnam
927 3302 1086 3389 postulat:
1122 3303 1250 3388 insuper
1264 3317 1297 3366 et
1312 3315 1406 3387 potus

350 3417 532 3506 aquaestilla
542 3416 636 3480 simili
652 3415 855 3479 sanctificatas
870 3412 1081 3498 impenditur:
1106 3411 1193 3497 quod
1206 3410 1406 3494 proculdulio

348 3530 510 3594 voluntate
526 3526 634 3590 divina
652 3537 815 3609 receptum
836 3537 929 3586 estet
945 3522 1092 3605 usquein
1116 3533 1301 3607 praesentem
1321 3521 1407 3584 diem

345 3641 603 3724 frequentatu1n3
631 3635 685 3719 qui
709 3633 796 3697 enim
825 3631 928 3702 dixit:
956 3632 1140 3695 ‘Perfectus
1166 3643 1274 3694 autem
1301 3632 1405 3693 omnis

347 3752 416 3826 erit,
433 3750 459 3813 si
476 3749 516 3812 sit
527 3749 609 3810 sicut
625 3744 773 3828 magister
784 3743 872 3828 ejus‚'
883 3743 1105 3806 sicutbeatum
1122 3739 1282 3804 Thomam
1293 3740 1324 3802 in
1338 3740 1403 3802 vita

347 3875 380 3925 et
403 3861 548 3944 passione
573 3855 835 3942 perfectissimum
862 3853 912 3916 sui
935 3852 1010 3914 fecit
1029 3851 1231 3926 imitatorem,
1248 3849 1293 3913 ita
1316 3849 1347 3912 ei
1372 3860 1406 3911 et

347 3986 421 4057 post
461 3983 595 4033 mortem
632 3966 680 4028 sui
714 3961 954 4027 similitudinem
990 3960 1177 4030 admiranda
1210 3959 1405 4044 perfectione

344 4080 518 4149 concedere
543 4077 652 4153 voluit,
680 4089 716 4139 ut
741 4069 1013 4160 quemadmodum
1037 4071 1154 4134 Christi
1183 4070 1310 4156 sanguis
1334 4089 1408 4131 cum
