3232 5166
350 523 388 584 ⁷6
662 525 848 589 Bnrtrnrorr
877 533 1023 590 unsaris
1282 526 1346 612 [lib.
1373 523 1401 589 1.

341 693 450 778 itaque
469 693 595 769 mulier,
626 705 658 759 et
687 697 779 778 quasi
804 696 843 759 ab
874 696 948 782 ipsis
973 695 1085 760 mortis
1110 695 1253 760 saucibus
1278 710 1397 784 erepta,

343 817 376 868 et
391 826 474 890 quae,
489 818 526 868 ut
541 804 690 882 diximus,
706 807 872 890 plusquam
888 807 1019 872 biennio
1033 807 1165 892 fatigata
1179 805 1294 892 pedem
1310 823 1399 874 extra

341 913 454 979 domus
469 937 534 980 suae
548 916 646 980 limen
662 940 727 980 non
744 924 900 1001 posuerat,
910 918 1017 1004 vigore
1032 917 1092 982 sibi
1104 917 1257 981 divinitus
1272 917 1399 996 collato,

340 1027 484 1112 proxima
498 1027 550 1092 die
566 1029 606 1092 ad
622 1043 792 1116 martyrem
808 1029 904 1115 pedes
919 1031 1068 1115 perrexit,
1085 1043 1117 1092 et
1138 1029 1242 1094 omnis
1260 1030 1397 1116 populus

342 1137 500 1221 gaudebat
514 1141 548 1203 in
564 1139 727 1216 universis,
744 1163 816 1225 quae
829 1139 963 1226 gloriose
976 1140 1094 1204 fiebant
1109 1141 1148 1205 ab
1163 1163 1212 1205 eo.

791 1310 939 1376 XXXV.

387 1446 518 1531 Adjccit
533 1447 574 1511 ad
590 1448 657 1512 haec
680 1449 839 1512 Dominus
861 1447 1058 1526 miraculum,
1075 1446 1130 1510 sed
1154 1447 1195 1512 de
1211 1447 1394 1513 infirmitate

341 1556 531 1632 minori3—
543 1559 619 1642 quid
642 1558 715 1624 dico
734 1559 874 1623 minori?
898 1559 1021 1621 nemini
1041 1580 1137 1642 parva
1156 1558 1282 1622 videtur
1305 1559 1394 1644 aegri·

340 1673 418 1738 tudo
451 1695 548 1756 quam
577 1674 700 1738 tolerat.
757 1676 941 1739 Matronarn
972 1674 1133 1758 quandam
1164 1673 1394 1761 Ethelburgam

338 1784 485 1848 novimus
502 1783 630 1870 plenam
657 1785 804 1870 operibus
826 1783 917 1848 bonis
940 1796 973 1848 et
994 1783 1216 1872 eleemosynis,
1242 1807 1336 1871 quam
1359 1789 1393 1851 in

338 1893 473 1958 humero
502 1893 693 1977 brachioque
728 1893 855 1958 sinistro
883 1905 975 1979 gutta
1003 1895 1105 1980 gravis
1140 1895 1252 1958 diebus
1287 1894 1394 1960 multis

337 2003 510 2068 afflixerat:
535 2003 654 2068 brachii
669 2026 731 2068 usu
744 2002 897 2068 destituta
911 2025 1037 2068 cereum
1049 2006 1143 2089 juxta
1156 2003 1393 2090 longitudinem

339 2115 408 2200 ejus
430 2115 464 2179 in
479 2114 633 2180 honorem
647 2115 794 2202 martyris
824 2115 926 2180 facere
950 2115 1146 2200 disponebat.
1191 2113 1327 2178 Videres
1348 2115 1396 2179 ibi

338 2235 509 2308 martyrem
524 2246 582 2310 per
596 2224 747 2289 effectum
760 2225 869 2310 gratiae
885 2224 1010 2289 mulieri
1024 2224 1225 2311 respondere,
1241 2223 1328 2310 quod
1352 2223 1394 2288 ad

338 2356 372 2398 se
387 2335 545 2399 conversis
563 2335 724 2399 Dominus
742 2333 921 2418 pollicetur,
938 2335 1156 2417 “Antequam
1172 2355 1222 2398 me
1239 2333 1393 2398 invocetis

336 2443 442 2508 dicam
457 2444 545 2509 vobis
563 2443 647 2508 Ecce
663 2443 805 2508 adsum.”
859 2442 927 2507 Vix
942 2444 1029 2507 enirn
1044 2443 1212 2508 brachium
1231 2442 1285 2508 lilo
1304 2465 1391 2508 com-

338 2577 449 2620 mensa
477 2555 589 2634 fuerat,
614 2577 715 2640 quum
744 2577 871 2620 omnem
901 2553 993 2619 illum
1024 2553 1168 2619 dolorem
1197 2554 1334 2640 mitigari
1360 2565 1394 2618 et

335 2665 433 2731 sensit
462 2677 496 2730 et
529 2667 672 2731 consessa
706 2680 773 2731 est:
810 2687 937 2732 cereum
972 2667 1080 2751 itaque
1111 2666 1227 2731 facturn
1261 2665 1389 2750 martyri

278 2799 281 2808 ’
339 2778 474 2856 obtulit;
496 2778 624 2863 plenam
639 2778 747 2842 retulit
762 2779 938 2842 sanitatem.

783 2969 951 3034 XXXVI.

380 3112 529 3177 Sanitatis
543 3107 749 3173 nihilomiuus
764 3107 887 3171 invenit
901 3105 1033 3193 gratiam
1049 3105 1138 3170 faber
1153 3103 1193 3169 de
1215 3104 1355 3172 Tanatos
1365 3109 1387 3150 i

293 3197 298 3202 ι
333 3221 436 3287 insula
452 3216 691 3296 Robertus,sed
707 3218 873 3281 sanitatem
900 3217 1057 3300 praecessit
1082 3215 1160 3280 visio
1186 3238 1252 3280 non
1274 3216 1384 3281 minus

333 3332 442 3396 salutis
456 3329 542 3393 dono
557 3326 751 3392 admiranda.
797 3328 900 3390 Annis
921 3349 987 3391 non
1009 3327 1115 3391 minus
1130 3327 1254 3390 duobus
1273 3327 1383 3392 lumen

336 3441 498 3507 oculorum
522 3439 678 3515 amiserat,
695 3450 728 3500 et
748 3438 795 3500 rei
815 3436 976 3500 familiaris
998 3436 1107 3520 iuopia
1120 3436 1249 3500 luminis
1278 3438 1383 3501 amissi

333 3553 433 3636 magis
462 3547 615 3615 reddebat
644 3547 822 3613 sollicitum.
868 3547 945 3611 Jam
973 3569 1058 3624 vero,
1085 3547 1266 3612 venerando
1295 3560 1387 3632 patre

330 3677 438 3727 nostro
453 3663 492 3724 ab
514 3659 608 3724 exilio
624 3663 781 3734 revocato,
794 3670 827 3721 et
841 3658 1114 3743 appropinquante
1131 3667 1272 3740 tempore
1288 3680 1351 3741 quo
1369 3679 1388 3721 a

330 3773 443 3838 mundi
458 3772 553 3858 hujus
568 3770 664 3835 exilio
679 3782 844 3833 vocaretur
859 3767 899 3831 ad
923 3766 1049 3842 coelum,
1065 3788 1249 3852 responsum
1271 3789 1384 3854 accep-

361 3973 376 4001 *
395 3970 510 4022 'lanatos
523 3987 552 4021 or
563 3967 708 4021 Thanatos.
744 3965 801 4017 The
814 3964 864 4016 isle
876 3964 907 4015 of
920 3963 1031 4025 Thanet‚
1046 3961 1129 4014 called
1149 3963 1186 4032 by
1198 3963 1243 4015 the
1258 3965 1377 4016 Ancient

328 4069 433 4122 Britons
452 4067 585 4120 Ruicbim.
623 4067 702 4119 Some
721 4066 827 4118 curious
846 4063 1027 4134 etynrologists
1049 4062 1118 4114 have
1145 4062 1329 4115 endeavoured
1353 4070 1382 4114 to

321 4168 411 4221 derive.
426 4167 480 4220 tlris
492 4165 565 4219 word
579 4165 647 4218 from
661 4163 705 4218 the
720 4164 811 4216 Greek
832 4146 962 4219 θάνατος,
978 4162 1025 4214 but
1039 4160 1101 4213 with
1114 4160 1181 4213 little
1194 4159 1362 4230 probability.
