3232 5166
195 584 260 646 cap.
278 557 324 644 1.]
515 577 558 622 ur
581 575 700 623 urnac.
723 557 757 624 a·
781 553 925 622 Tuom.
1207 554 1249 620 at

194 756 321 822 lationis
336 755 569 844 respiravimus.
615 757 758 842 sequuta
772 767 848 820 sunt
862 750 1026 840 evestigio
1040 749 1200 830 miracula,
1217 764 1253 816 et

197 869 402 954 cognovimus
418 869 494 954 quia
507 887 617 932 revera
633 867 815 932 sublimavit
834 867 993 932 Dominus
1011 884 1111 930 comu
1132 861 1252 930 Christi

196 982 258 1056 sui,
282 991 314 1044 et
337 980 413 1064 quia
434 979 554 1043 directa
575 992 623 1042 est
641 978 726 1042 salue
743 991 851 1042 nostra
868 978 902 1041 in
925 997 1022 1042 manu
1040 977 1253 1041 illius-non

198 1089 300 1154 solum
316 1102 433 1167 nostra,
443 1087 500 1154 scd
515 1103 548 1154 et
564 1091 661 1154 totius
674 1089 863 1176 Anglicanae
873 1087 1030 1153 Ecclesia„
1077 1082 1254 1152 Eradicatis

200 1201 287 1265 enim
302 1202 457 1266 virtutum
473 1201 614 1280 floribus,
630 1200 816 1266 conculcato
837 1213 870 1264 et
892 1212 1043 1276 comesto,
1065 1199 1202 1264 arefacto
1222 1210 1255 1264 et

197 1313 353 1378 suffocato
375 1311 494 1377 semine
518 1310 612 1389 illius,
636 1311 692 1396 qui
716 1311 794 1376 exiit
815 1309 856 1375 de
876 1311 949 1375 sinu
974 1309 1078 1375 Patris
1097 1307 1253 1374 seminare

201 1445 312 1487 acmen
326 1444 430 1500 suum,
444 1444 555 1508 agrum
572 1421 723 1488 Ecclesiae
734 1421 932 1508 repleverant
947 1422 1058 1487 urticae
1072 1421 1253 1507 vitiorump

205 1531 386 1596 Saeviebant
401 1531 520 1595 etiam*
535 1531 604 1618 lupi
619 1533 653 1595 in
670 1531 806 1597 ovilibus
830 1529 1021 1609 Dominicis,
1043 1544 1077 1596 et
1097 1527 1256 1596 dissimul-

201 1645 298 1708 abant
309 1643 364 1726 qni
376 1640 530 1708 sedebant
542 1643 576 1706 in
586 1641 724 1726 apecula,
736 1665 832 1708 canes
843 1641 935 1720 muti,
948 1661 1013 1707 non
1029 1642 1180 1719 valentes,
1195 1642 1257 1709 im·

201 1777 255 1818 mo
271 1775 337 1817 non
352 1753 495 1818 volentes
510 1753 633 1818 latrare.
681 1753 957 1841 Dispergebantur
971 1773 1047 1819 ovea
1061 1765 1094 1819 et
1105 1752 1257 1842 fugienti·

202 1867 262 1931 bua
277 1865 489 1941 mercenariis,
509 1886 575 1929 non
597 1875 665 1928 erat
687 1867 742 1950 qui
763 1885 805 1929 ex
826 1863 959 1930 adverso
980 1864 1177 1942 ascenderet,
1200 1863 1257 1951 qui

204 1999 276 2042 cum
288 1975 416 2042 domino
434 1974 657 2040 (lantuariensi
672 1989 769 2042 staret
784 1973 936 2040 adversus
955 1989 1122 2061 operantes
1142 1973 1259 2060 iniqui-

202 2102 308 2153 tatem.
352 2085 481 2152 Idolum
497 2108 624 2172 quoque
643 2085 731 2166 Batai,
748 2087 832 2173 quod
847 2085 906 2152 sibi
922 2085 1113 2152 schismatici
1132 2107 1259 2152 erexer-

205 2219 267 2266 unt
278 2212 311 2264 et
320 2199 541 2276 adoraverunt,
554 2208 760 2285 apostatam
775 2199 848 2264 dico
860 2200 960 2286 quiin
974 2199 1164 2286 Apostolicae
1175 2200 1259 2265 sedis

204 2312 354 2398 injuriam
380 2311 413 2374 in
445 2309 596 2374 cathedra
617 2309 805 2394 pestilentiae
826 2309 980 2387 consedit,
1005 2311 1054 2376 sui
1076 2311 1257 2378 adoratione

202 2423 371 2510 plurimam
385 2417 498 2486 mundi
510 2419 678 2485 faedaverat
692 2421 881 2506 portionem.
926 2421 1046 2488 Cetera
1058 2421 1169 2506 malass
1187 2418 1261 2511 quie

201 2532 461 2620 comprehendat,
485 2553 622 2619 quorum
644 2555 709 2598 nou
732 2545 800 2597 erat
821 2533 999 2598 numerus?
1041 2531 1083 2596 Iu
1105 2533 1262 2597 Cantuar·

203 2644 299 2708 iensis
315 2643 390 2730 agni
405 2643 559 2728 sanguine
576 2643 726 2706 omnibus
739 2641 878 2728 providit
895 2641 1134 2727 Omnipotentia
1148 2642 1261 2728 benig-

202 2752 296 2831 nitas,
312 2768 345 2818 et
358 2753 500 2840 singulos
516 2775 658 2837 quosque
675 2753 725 2817 vel
739 2753 806 2838 jam
825 2752 974 2830 correxit,
990 2751 1041 2817 rel
1056 2751 1097 2816 ad
1111 2753 1260 2819 correcti-

206 2886 303 2929 onem
325 2863 480 2927 invitavit.
528 2863 755 2928 Comacatione
777 2885 916 2948 namque
939 2862 1162 2928 miraculorum
1193 2885 1261 2930 ces·

204 2985 354 3038 severunt
372 2971 525 3057 paulatim
540 2973 692 3037 vitiorum
714 2974 875 3038 tenebrae:
900 2993 1010 3038 semen
1031 2973 1120 3039 verbi
1140 2975 1203 3039 Dei
1226 2975 1260 3039 in
1305 3045 1311 3054 ,

205 3096 288 3148 terra
301 3083 386 3147 bona
401 3081 535 3147 coaluit:
558 3081 796 3167 pullulaverunt
812 3083 845 3147 in
862 3105 938 3169 agro
961 3081 1112 3150 Ecclesiae
1120 3083 1261 3150 rediviva

204 3193 359 3257 virtutum
370 3193 533 3278 germina:
556 3191 775 3258 coruscatione
790 3192 1015 3259 miraculorum
1031 3207 1262 3260 convertuntur

207 3302 348 3388 quotidie
359 3303 521 3368 innumeri
533 3325 553 3368 a
564 3303 616 3368 via
624 3325 681 3368 sua
690 3303 783 3382 mala,
796 3316 829 3370 et
840 3305 1055 3392 percutientes
1066 3321 1196 3392 pectora
1204 3329 1261 3373 sua

206 3427 411 3478 revertuntur
424 3413 466 3477 ad
488 3413 684 3478 Dominum:
709 3417 925 3480 coruscatione
938 3415 1164 3482 miraculorum
1176 3419 1261 3484 flunt

207 3523 351 3611 quotidie
361 3525 394 3588 in
404 3523 502 3590 caulis
510 3525 800 3611 gregisDominicae
810 3525 850 3592 dc
859 3525 943 3615 lupis
952 3526 1079 3608 oves,de
1089 3551 1262 3615 peraequu-

209 3637 330 3701 toribua
359 3649 480 3701 tutores
515 3635 674 3703 Ecclesia.
721 3635 903 3704 Indnanrur
934 3661 1016 3726 crgo
1045 3639 1159 3705 saltem
1191 3663 1266 3705 aero

246 3915 258 3972 5
278 3911 403 3963 vitiorum
415 3929 467 3963 om.
483 3912 516 3964 A.
881 3916 896 3947 ⁸
915 3913 1103 3968 etiam-enim
1116 3911 1150 3968 Α.

247 4009 262 4066 †
279 4005 344 4057 Thia
356 4023 410 4057 was
422 4005 553 4058 Octavian
565 4005 611 4059 the
622 4006 690 4059 rival
700 4023 777 4078 pope,
791 4017 832 4062 aet
842 4027 878 4080 up
892 4009 930 4080 by
942 4009 987 4064 the
1004 4027 1124 4082 emperor
1137 4009 1261 4065 Freden'c

210 4099 239 4150 in
252 4099 401 4168 opposition
413 4107 440 4152 to
453 4099 607 4154 Alexander
618 4101 673 4156 111.

249 4196 262 4254 t
285 4193 484 4248 mala-mundi
498 4195 568 4249 mala
583 4197 615 4250 A.
