3232 5166
330 553 332 556 ’
359 536 400 595 80
706 531 894 593 Bausnrorr
916 549 1056 594 ABBA'rls
1300 533 1362 615 [lib.
1381 531 1408 596 Ι.

359 703 448 768 factis
458 702 665 776 reficiebatur,
685 701 828 784 aquibus
837 713 997 786 postremo
1012 701 1171 764 continuis
1187 701 1286 764 tribus
1298 701 1411 765 diebus

360 811 520 888 abstinuit,
531 809 631 872 nimio
642 822 798 873 coarctata
807 809 923 874 dolore.
942 811 1103 874 Foetorcm
1113 810 1293 886 nonferres,
1311 832 1405 892 quem

356 922 450 986 facies
456 921 734 1006 putrisemittebat.
749 919 960 985 Hebdomada
970 922 1116 1005 quintain
1124 921 1232 985 dolore
1243 934 1411 997 transacta,

358 1046 391 1095 et
400 1032 465 1096 sitit
475 1045 506 1094 et
517 1033 646 1116 suscipit
658 1033 771 1097 mulier
780 1053 892 1114 aquam
908 1034 1016 1096 sancti.
1059 1033 1217 1116 anuam
1233 1031 1410 1095 mirabilem

355 1166 423 1226 quae
448 1167 511 1206 non
536 1144 637 1207 solum
658 1143 796 1206 bibentis
816 1142 912 1222 sitim,
939 1140 995 1206 sed
1022 1156 1054 1205 et
1078 1141 1220 1206 dolorem
1246 1142 1390 1206 extinxit.

363 1253 394 1317 Ο
411 1275 524 1336 aquam
534 1252 710 1316 mirabilem
727 1275 797 1336 quae
808 1275 873 1316 non
885 1251 986 1316 solum
999 1253 1135 1316 extinxit
1146 1251 1298 1327 dolorem,
1315 1251 1370 1315 scd
1380 1265 1413 1314 ct

362 1377 520 1427 tumorem
530 1363 698 1426 restrinxit.
732 1363 854 1426 Mirum
864 1363 1004 1427 dicturus
1013 1385 1081 1427 sum
1095 1387 1102 1426 :
1119 1361 1308 1448 phlegmatis
1320 1383 1414 1426 causa
1462 1399 1464 1404 ,

361 1473 554 1558 suscipiendi
575 1473 715 1537 mulieris
731 1475 776 1536 ori
791 1473 891 1559 pelvis
910 1475 1049 1559 supponi
1067 1473 1206 1537 solebat:
1231 1494 1283 1537 ore
1299 1471 1414 1536 mulier

360 1602 470 1673 aperto
486 1609 586 1672 prona
596 1589 706 1673 jacens
720 1587 901 1652 decurrenti
917 1588 956 1651 ab
972 1609 1025 1651 ore
1040 1587 1213 1673 phlegmati
1234 1587 1410 1651 satisfacere

361 1697 542 1783 cogebatur.
582 1701 690 1772 Quum
702 1698 858 1784 ergo'post
877 1699 1027 1763 haustum
1039 1719 1129 1781 aquae
1141 1719 1247 1762 rursus
1262 1696 1412 1761 inclinata

300 1834 302 1837 ¹
354 1809 485 1893 jaceret,
502 1809 622 1873 excidit
637 1810 676 1873 ab
692 1832 745 1874 ore
761 1811 859 1896 ipsius
874 1811 988 1874 vermis
1004 1809 1104 1895 capite
1127 1808 1360 1896 grandiusculo,
1380 1823 1412 1871 et

359 1917 401 1981 ad
416 1918 514 1982 instar
535 1917 673 1983 ardentis
693 1942 804 2002 prunae
826 1920 933 1995 rubeo,
957 1918 1058 1983 cauda
1079 1920 1114 1981 in
1135 1918 1265 1984 modurn
1291 1917 1412 1982 subulae

361 2029 541 2092 acutissima
570 2030 663 2094 semis
692 2041 724 2092 et
760 2029 854 2093 unius
887 2027 1010 2113 pollicis
1046 2028 1255 2114 longitudine,
1285 2043 1412 2112 reptans

359 2138 495 2222 pedihus
520 2154 663 2222 quatuor,
687 2160 843 2222 cursuque
868 2161 925 2203 sno
952 2151 1049 2202 tantae
1078 2139 1251 2201 vivacitatis
1280 2160 1313 2202 se
1344 2161 1411 2203 esse

359 2248 508 2324 ostendit,
526 2260 562 2311 ut
585 2270 603 2310 a
623 2247 783 2312 nonnullis
801 2248 841 2312 de
861 2249 989 2313 adversa
1007 2265 1095 2334 parte
1115 2248 1211 2313 fuisse
1231 2250 1409 2314 diceretur:

354 2358 389 2420 in
410 2356 590 2440 phlegmate
607 2370 724 2433 tamen,
740 2371 776 2422 ut
796 2359 975 2443 putabatur,
992 2360 1170 2422 submersus
1185 2370 1218 2423 et
1233 2360 1265 2423 in
1287 2359 1413 2424 editiori

354 2467 494 2531 fenestra
514 2467 636 2551 positus
658 2491 721 2534 non
737 2470 924 2555 comparuit.
970 2469 1110 2534 Cessavit
1139 2471 1245 2554 itaque
1268 2473 1415 2556 patientis

352 2575 443 2642 dolor
460 2590 493 2642 et
512 2580 546 2641 in
564 2579 650 2642 brevi
670 2602 770 2663 usque
794 2578 834 2643 ad
855 2580 1023 2664 pristinum
1041 2592 1159 2646 statum
1178 2581 1273 2646 facies
1288 2583 1412 2645 inflam-

353 2701 439 2752 mata
454 2687 632 2762 †decrevit.

811 2801 932 2865 XLIII.

413 2904 557 2992 Contigit
579 2909 674 2971 etiarn
698 2909 781 2972 inter
800 2909 860 2971 alia
880 2910 1031 2973 miracula
1046 2909 1229 2993 jucundum
1253 2910 1412 2994 quoddam

343 3015 541 3080 ‘miraculum
554 3017 690 3100 satisque
703 3019 856 3081 memoria
868 3017 1013 3102 dignum.
1065 3022 1166 3102 Aquae
1178 3019 1413 3083 Cantuariensis

336 3125 453 3190 ·virtus
470 3125 566 3212 longe
589 3127 714 3210 lateque
730 3128 879 3204 innotuit,
893 3142 926 3193 et
941 3129 981 3192 ad
996 3151 1109 3212 aquarn
1115 3131 1182 3215 jam
1194 3137 1261 3193 tota
1275 3130 1415 3194 conflue-

356 3237 413 3300 bat
429 3238 596 3321 provincia.
643 3236 732 3300 Inter
750 3239 827 3302 alios
849 3240 903 3322 qui
923 3251 1146 3318 convenerant,
1164 3239 1321 3304 Radulfus
1336 3242 1410 3326 qui-

354 3346 426 3409 darn
453 3347 493 3408 de
524 3345 683 3429 Scapeia‡
709 3348 860 3434 pyxidem
882 3349 1022 3432 ligneam
1043 3351 1084 3414 ad
1107 3373 1220 3434 aquam
1241 3353 1414 3436 suscipien-

352 3455 426 3518 danr
443 3455 584 3540 protulit,
604 3456 660 3520 sed
675 3456 812 3520 infusam
827 3480 893 3521 non
914 3459 1031 3522 retulit.
1074 3461 1160 3522 Dum
1177 3460 1261 3523 enirn
1278 3459 1411 3524 medita·

356 3577 408 3628 tur
442 3565 631 3642 abscessum,
665 3579 707 3642 ct,
741 3566 821 3629 nihil
847 3566 971 3631 adversi
1000 3568 1216 3647 reformidans,
1248 3569 1310 3633 huc
1340 3569 1415 3635 illuc

354 3677 496 3752 vertitur,
517 3677 651 3741 finditur
666 3677 757 3764 pyxis
771 3677 805 3742 in
819 3676 926 3742 latere.
966 3679 1102 3744 Miratus
1113 3679 1210 3744 homo
1220 3681 1355 3766 expavit,
1384 3695 1416 3746 et

352 3787 505 3851 effluente
525 3787 610 3871 quod
626 3788 659 3850 in
675 3788 792 3874 pyxide
808 3789 937 3866 ferebat,
959 3790 1102 3856 fissuram
1122 3813 1193 3854 cera
1208 3791 1330 3855 studuit
1361 3792 1415 3856 ob-

354 3896 467 3961 linire:
493 3897 559 3977 sed,
577 3898 654 3962 dum
670 3899 826 3986 pyxidem
841 3901 874 3963 in
889 3913 969 3966 tatus
991 3903 1085 3966 vertit
1100 3904 1292 3987 oppositum,
1322 3905 1419 3967 etiam

390 4046 404 4073 ¹
423 4043 695 4112 axrruxrr-mitigat
713 4046 746 4095 A.
970 4050 985 4107 †
1006 4048 1322 4100 instaurarit—inflata
1340 4050 1374 4098 A.

387 4129 399 4184 Ι
420 4126 476 4178 The
497 4128 582 4180 island
602 4127 629 4180 of
652 4130 786 4199 Slreppcy.
