3232 5166
357 641 398 703 20
715 639 917 724 [Bnnnnrcm
940 659 1081 707 aaran·

355 807 527 892 pejerando
541 808 708 888 inficiatus,
724 811 791 876 ait:
815 811 969 876 “Mirum
985 825 1034 876 est
1051 825 1085 876 et
1110 810 1302 890 inauditum,
1318 809 1404 895 quod

355 916 490 983 domino
506 934 613 984 nostro
628 923 695 1008 regi
713 936 806 987 tanta
822 923 1008 1008 proditionis
1023 935 1132 988 notam
1149 922 1297 1008 imponis.
1337 921 1411 986 Nec

355 1028 417 1094 hoc
438 1031 556 1116 poterit
570 1031 610 1096 de
627 1046 657 1098 te
673 1033 832 1098 ullatenus
855 1037 1022 1114 sustinere,
1037 1055 1098 1097 nec
1113 1052 1181 1110 nos,
1198 1035 1252 1117 qui
1267 1033 1414 1098 homines

354 1139 424 1224 ejus
438 1161 547 1205 sumus
560 1142 681 1221 iideles,
697 1143 830 1208 ulterius
843 1139 1098 1208 sustinebimus.”

400 1249 667 1318 Exclamaverunt
689 1269 796 1319 autern
820 1269 897 1319 tunc
911 1267 945 1319 et
959 1253 1012 1317 alii
1029 1251 1155 1328 milites,
1171 1252 1206 1316 in
1222 1253 1324 1316 minu
1340 1273 1406 1316 eas-

357 1359 432 1424 dem
460 1378 710 1447 prorumpentes,
735 1386 793 1451 per
817 1365 925 1452 plagas
947 1366 1010 1429 Dei
1035 1365 1151 1430 iterum
1176 1376 1271 1447 atque
1286 1362 1405 1426 iterum

352 1471 507 1556 jurantes,
523 1474 608 1557 quod
623 1497 695 1538 eum
720 1497 815 1562 supra
837 1475 970 1540 modum
991 1477 1224 1540 sustinuissent.
1269 1472 1405 1536 Turbati

356 1595 431 1646 sunt
460 1583 557 1669 igitur
583 1585 768 1672 insipientes
797 1586 902 1663 eorde,
928 1600 961 1651 et
991 1587 1194 1672 iniquitatem
1219 1585 1253 1648 in
1281 1583 1408 1648 excelso

355 1691 490 1777 loquuti,
512 1696 650 1760 convitia
665 1697 821 1773 convitiis,
836 1697 938 1760 minas
954 1697 1048 1761 minis
1063 1695 1272 1760 accumulant.

398 1804 457 1869 Vir
478 1817 586 1870 autem
604 1808 746 1884 Domini,
771 1809 825 1891 qui
855 1829 921 1871 non
944 1807 1048 1872 solum
1075 1807 1170 1870 minis
1195 1819 1229 1870 ct
1259 1803 1408 1868 convitiis

354 1927 484 1978 venerat
512 1916 621 2002 afiligi,
646 1917 701 1982 sed
727 1930 758 1982 at
781 1923 876 2004 caput
899 1916 1013 2004 gladiis
1037 1939 1095 2003 pro
1120 1915 1240 1982 tuenda
1264 1914 1409 1980 libertate

354 2023 495 2091 eeclesias
508 2025 645 2091 libenter
659 2050 828 2114 exponere,
836 2029 929 2114 juxta
944 2027 1023 2093 illud
1039 2027 1146 2104 ethici,

533 2135 603 2190 Duru
622 2138 696 2192 furor
713 2139 740 2192 iu
760 2155 841 2194 cursu
860 2147 907 2203 est,
928 2139 1045 2194 currenti
1064 2137 1128 2192 cede
1148 2137 1241 2200 furori,

353 2244 464 2310 mitius
479 2248 644 2334 respondit
668 2249 779 2314 dicens
795 2277 803 2322 ;
839 2259 860 2289 “
874 2249 924 2314 Ex
939 2272 1002 2336 quo
1017 2250 1051 2313 in
1065 2249 1239 2313 fines'istos
1255 2269 1329 2312 cum
1345 2247 1409 2313 Dei

352 2357 498 2443 regisque
515 2358 654 2446 plenaria
668 2383 745 2446 paee
760 2382 818 2447 per
831 2360 931 2446 ipsius
947 2360 1144 2425 conductum
1153 2357 1279 2435 deveni,
1290 2358 1407 2424 multas
1466 2419 1468 2423 ,

351 2467 426 2532 satis
450 2470 721 2550 comminationes,
748 2473 848 2536 multa
863 2472 1043 2558 opprobria,
1066 2469 1167 2534 multa
1182 2469 1300 2533 damna
1315 2468 1408 2533 susti·

351 2578 418 2642 nui.
441 2580 541 2645 Verbi
555 2583 665 2668 gratio,
677 2582 718 2646 de
731 2581 910 2647 hominibus
926 2581 1004 2645 meis
1018 2581 1127 2666 captis,
1143 2591 1175 2644 et
1190 2579 1285 2644 rebus
1294 2601 1407 2644 eorum

351 2687 508 2754 violenter
522 2691 656 2771 ablatis;
679 2691 720 2756 de
735 2693 826 2776 equis
841 2691 929 2769 meis,
957 2711 1038 2776 quos
1062 2688 1224 2754 Robertus
1247 2688 1289 2753 de
1316 2687 1401 2754 Broc

349 2797 510 2865 mutilavit
534 2802 659 2877 cauda3
681 2801 722 2865 de
738 2800 819 2865 vinis
844 2802 933 2876 meis,
947 2823 1020 2886 quae
1042 2798 1233 2883 Ranulphus
1255 2798 1298 2862 de
1319 2800 1404 2864 Broc

352 2908 507 2974 violenter
532 2910 680 2987 detinuit,
707 2911 896 2995 quostiam
919 2911 1068 2976 dominus
1093 2931 1147 2975 rex
1174 2931 1232 2996 per
1258 2908 1403 2974 medium

350 3029 439 3084 terrae
453 3042 519 3087 suae
531 3023 744 3087 transmarinae
758 3021 874 3085 deduci
888 3022 964 3086 lecit
979 3022 1012 3086 iu
1027 3019 1187 3107 Angliam.
1211 3019 1291 3084 Aliis
1305 3019 1402 3083 etiarn

351 3130 474 3217 injuriis
497 3146 530 3198 et
553 3133 728 3219 opprobriis
743 3133 851 3198 multis
866 3131 998 3196 allectus
1018 3153 1101 3209 sum,
1128 3152 1228 3215 quum
1254 3129 1406 3194 dominus

350 3256 458 3308 noster
472 3265 527 3308 rex
544 3244 612 3311 tilio
637 3267 695 3309 suo
709 3245 776 3330 regi
792 3257 858 3308 tam
875 3264 933 3328 per
956 3244 1072 3318 brevia,
1090 3262 1185 3325 quam
1211 3242 1406 3306 nunciorum

349 3355 421 3419 viva
434 3376 510 3421 voce
526 3354 722 3422 mandaverit
732 3367 826 3438 atque
836 3356 1023 3440 praeceperit
1034 3353 1113 3416 mihi
1125 3351 1268 3438 meisque
1276 3351 1404 3418 firmam

354 3487 466 3552 pacem
481 3467 601 3532 haberi.
639 3466 681 3531 Et
697 3487 792 3552 super
806 3466 914 3530 omnia
928 3465 997 3529 haee
1009 3463 1086 3528 mihi
1102 3462 1288 3528 comminari
1304 3461 1407 3526 venis·

349 3579 400 3644 lis.
446 3576 608 3644 Noveritis
624 3579 700 3664 quie
716 3577 790 3642 talia
804 3576 895 3641 valde
910 3575 1042 3641 moleste
1056 3574 1153 3639 iero.”

393 3688 593 3777 Reginaldus
607 3687 648 3753 ad
663 3688 753 3754 haec:
778 3685 844 3752 “Si
862 3686 933 3771 quis
948 3685 1070 3774 aliquid
1079 3685 1160 3749 iorte
1169 3683 1406 3769 presumpserit

349 3801 437 3890 quod
464 3801 499 3866 in
522 3815 612 3866 tuam
637 3777 806 3864 videbatur
830 3795 1010 3863 redundare
1036 3795 1196 3882 injuriam,
1216 3817 1312 3878 quare
1337 3815 1404 3857 uon

348 3914 428 3980 illud
455 3913 638 4000 exposuisti,
654 3925 694 3976 ut
714 3909 872 3995 quidquid
883 3911 937 3996 jus
951 3908 1084 3973 dictaret
1099 3921 1155 3972 aut
1180 3907 1270 3981 ratio,
1297 3926 1404 3992 repor-

347 4024 482 4091 tares?”

393 4134 660 4221 Archiepiseopus
686 4133 809 4220 inquit;
834 4128 966 4216 “Apud
993 4151 1089 4213 quem
1110 4127 1270 4213 querelam
1301 4147 1404 4192 meam

351 4245 600 4334 deponerem?”

394 4357 438 4424 Et
460 4356 606 4429 satelles3
630 4353 763 4440 “Apud
778 4375 886 4440 regem
899 4349 1133 4415 cismarinum.”

393 4469 661 4555 Archiepiscopus
686 4465 805 4552 inquitz
833 4474 853 4504 “
865 4466 1001 4541 Amice„
1025 4462 1099 4527 satis
1119 4471 1312 4545 conquestus
1332 4479 1405 4524 sum
