3232 5166
203 589 269 651 cap.
289 565 334 649 1.]
527 583 572 628 ns
594 581 709 629 urnae.
734 565 767 630 S.
792 561 939 629 Tirones.
1217 567 1257 630 37

203 757 307 820 neque
338 732 476 800 adoretis
505 734 673 800 dominum
706 733 858 800 alienum.
921 731 985 798 Vos
1010 731 1148 798 adoratis
1170 730 1258 817 quod

203 846 423 922 nescitis3nos
435 844 603 911 adoramus
614 845 701 932 quod
709 845 1010 934 scimus3quoniam
1019 845 1178 910 Dominus
1189 844 1257 930 ipse

203 969 251 1022 est
261 958 362 1033 Deus,
376 955 476 1042 quiin
490 955 674 1022 Alexandro
688 957 813 1021 invenit
826 957 930 1022 virum
949 955 1127 1021 secundum
1139 976 1193 1020 eor
1203 977 1256 1018 su-

203 1066 899 1153 nm,etelegiteumexomnicarnepascere
910 1065 1255 1132 Jacobserrumsuum

205 1191 238 1242 et
259 1176 359 1242 Israel
382 1176 600 1244 haereditatem
621 1200 722 1244 suam.
769 1176 804 1243 Si
824 1192 930 1243 autem
946 1199 1013 1244 non
1030 1191 1080 1243 est
1096 1177 1219 1243 electus
1238 1198 1259 1240 a

204 1285 359 1364 Domino,
376 1287 538 1372 quomodo
551 1289 664 1354 beatus
685 1295 808 1376 martyr
827 1288 969 1354 Thomas
987 1299 1021 1354 et
1037 1288 1256 1354 corroborator

204 1397 370 1462 electionis
395 1398 466 1484 ejus
494 1411 528 1462 et
556 1411 686 1462 sanctus
714 1400 785 1464 est?
816 1397 976 1484 Nunquid
998 1398 1148 1466 simulet
1176 1398 1257 1483 patri

206 1508 405 1573 schismatico
427 1509 534 1595 potuit
564 1507 726 1574 adherere
755 1522 789 1574 et
818 1510 900 1596 patri
923 1509 1046 1594 placere
1069 1510 1260 1575 Altissimol'

204 1617 353 1702 nunquid
367 1617 462 1683 simul
478 1619 583 1704 potuit
597 1631 631 1684 et
653 1619 871 1685 schismaticus
890 1619 1045 1686 decedere
1062 1635 1096 1686 et
1113 1633 1184 1707 post
1201 1619 1258 1684 de·

204 1749 327 1794 cessum
342 1751 505 1794 coruscare
520 1729 703 1794 miraculis?
724 1743 820 1807 certe,
830 1731 892 1795 nisi
907 1745 989 1796 esset
1003 1731 1056 1795 hic
1067 1731 1178 1808 aDeo,
1191 1753 1256 1794 non

205 1853 329 1924 poterat
348 1840 451 1905 facere
475 1841 656 1925 quicquam.
702 1841 836 1906 Constat
850 1819 948 1927 igitur
959 1841 1044 1926 quod
1059 1863 1153 1906 causa
1167 1863 1258 1906 sanc·

206 1951 303 2016 titatis
319 1953 386 2038 ejus
401 1953 489 2016 zelus
503 1952 545 2016 sit
560 1950 721 2016 catholica
736 1951 866 2016 unitatis
880 1964 914 2016 et
928 1952 1148 2017 ecclesiastica
1165 1953 1258 2018 liber·

205 2063 277 2128 tatis
292 2063 444 2128 defensio.
490 2060 575 2127 Nam
591 2075 624 2126 et
639 2064 793 2126 unitatem
806 2085 871 2126 non
886 2061 1026 2127 deseruit
1040 2077 1073 2127 et
1088 2063 1259 2128 abusiones

204 2184 272 2238 tam
292 2197 389 2238 novas
404 2195 500 2257 quam
516 2186 650 2250 veteres,
666 2195 737 2257 quae
754 2173 806 2238 rel
823 2171 1070 2250 cantuariensis,
1091 2172 1257 2250 Romanae,

199 2287 251 2351 rel
266 2284 485 2372 Anglicanmq
496 2284 546 2349 vel
560 2285 658 2349 etiam
673 2285 859 2349 universalis
876 2283 1028 2350 Ecclesiae
1042 2283 1253 2370 dignitatibus

202 2396 393 2462 videbantur
414 2395 577 2482 derogare,
597 2408 754 2480 quatenus
776 2396 880 2480 potuit
902 2395 1081 2462 eradicavit
1127 2395 1254 2461 Verun·

203 2521 322 2584 tamen,
338 2527 523 2594 quanquam
538 2513 673 2572 mortem
694 2528 752 2593 pro
773 2507 961 2572 universalis
982 2507 1133 2573 Ecclesia
1146 2507 1256 2572 desen-

203 2617 293 2683 sione
314 2618 496 2702 susceperit,
518 2617 699 2703 specialiter
727 2630 836 2683 tamen
859 2639 916 2704 pro
933 2619 1007 2704 jure
1032 2617 1256 2684 Cantuarieusi

204 2727 377 2793 obtinendo
392 2749 426 2792 se
444 2727 586 2795 tradidit

247 2837 409 2904 Viderunt
430 2839 490 2904 filii
507 2841 643 2927 majores
661 2853 740 2904 natu
761 2837 958 2906 laborantem
978 2853 1111 2925 patrem,
1131 2841 1255 2925 pericli-

203 2961 324 3014 tantem
347 2948 526 3016 libertatem
550 2965 737 3028 maternam,
752 2963 787 3016 et
805 2951 861 3015 vili
888 2950 983 3015 lentis
1008 2951 1116 3018 edulio
1137 2952 1255 3036 primo-

203 3061 313 3148 genita
323 3073 561 3148 postponentes,
572 3063 606 3126 in
621 3084 730 3128 arcum
746 3085 878 3148 pravum
891 3064 1034 3128 conversi
1044 3075 1129 3126 sunt.
1174 3060 1255 3126 Ver-

205 3193 262 3236 um
285 3171 405 3236 athleta
426 3170 493 3236 Dei
516 3173 713 3250 fortissimus,
735 3173 881 3237 nesciens
903 3194 978 3237 cum
999 3172 1075 3237 filiis
1103 3171 1257 3257 Ephraim

204 3279 446 3346 intendentibus
468 3294 502 3346 et
524 3282 725 3346 mittentibus
748 3304 858 3346 arcum
876 3282 1018 3347 converti
1040 3286 1074 3347 in
1096 3280 1149 3346 die
1170 3281 1255 3358 belli,

203 3391 336 3456 viriliter
363 3392 439 3478 egit,
469 3405 503 3457 et
531 3392 745 3458 confortatum
774 3406 824 3457 est
852 3414 907 3458 cor
940 3394 1019 3478 ejus,
1055 3415 1115 3458 nec
1148 3395 1255 3458 minus

202 3500 339 3567 dulciter
351 3501 504 3568 inauditae
519 3502 715 3568 crudelitatis
730 3515 865 3568 mortem
877 3503 1074 3590 amplexatus
1085 3515 1143 3581 est,
1155 3527 1252 3588 quam

204 3613 389 3700 inexplicati
412 3611 604 3700 gravaminis
632 3627 706 3678 ante
734 3614 873 3698 suscepit
899 3613 1041 3680 exilium.
1099 3613 1256 3699 Quisquis

203 3725 302 3812 igitur
330 3725 463 3812 martyri
491 3739 600 3791 nostro
629 3725 665 3789 in
694 3724 770 3790 sede
805 3724 1029 3791 Cantuariensi
1061 3725 1254 3803 successerit,

205 3857 267 3900 nec
288 3833 461 3921 dignitates
482 3837 561 3922 ejus,
576 3857 635 3923 pro
657 3835 773 3920 quibus
796 3857 897 3919 usque
919 3834 961 3900 ad
983 3848 1119 3900 mortem
1137 3850 1258 3923 martyr

204 3943 387 4020 decertavit,
401 3966 566 4030 reposcere
584 3945 706 4020 timeat,
727 3965 788 4009 nec
808 3944 993 4009 universalis
1014 3943 1167 4010 Ecclesiae
1181 3947 1256 4032 jura

241 4183 254 4240 t
275 4177 480 4242 cantuariensis,
492 4179 524 4232 R.
539 4196 564 4231 r.
578 4177 624 4244 A,
639 4177 681 4231 vel
735 4178 812 4230 Cant.
826 4195 851 4229 v.
866 4175 962 4243 A.‚1t.,
975 4177 1020 4231 vel
1037 4179 1072 4231 A.
