3232 5166
322 499 362 560 68
669 497 855 562 Buurutcrr
877 469 1018 562 assarta
1264 499 1325 581 [lib.
1343 497 1369 562 l.

317 663 393 727 dine
409 686 466 728 sua
490 679 617 731 revocat
631 668 665 730 in
689 667 840 734 dolorem.
888 669 1052 734 Excitatus
1066 667 1194 732 visionis
1219 667 1373 752 gaudium

320 774 449 838 auribus
464 779 602 860 paternis
624 777 792 855 intimavit,
808 801 897 862 spem
912 780 972 843 sibi
997 775 1220 863 recuperandae
1234 776 1376 841 sanitatis

325 883 391 948 lore
407 906 597 962 asseverans,
623 887 649 950 si
674 887 724 951 vel
751 902 875 972 guttam
898 889 1028 975 pretiosi
1054 887 1217 974 sanguinis
1241 888 1275 950 in
1298 899 1377 970 potu

323 989 480 1074 suscipere
496 991 671 1056 meruisset.
719 991 871 1082 Satagens
886 1007 975 1076 pater
989 1006 1026 1056 ut
1040 990 1098 1055 filii
1122 991 1204 1055 votis
1219 990 1375 1056 satisface-

203 1163 206 1170 ,
318 1112 376 1175 ret,
391 1113 455 1162 tam
467 1100 552 1164 diem
568 1102 654 1165 illam
671 1125 767 1186 qnam
778 1116 974 1186 sequentem,
984 1123 1072 1166 casso
1086 1101 1192 1164 labore
1204 1121 1374 1185 consump-

321 1211 380 1272 sit:
398 1209 536 1295 denique
549 1211 599 1276 die
609 1213 710 1289 tertia,
724 1235 815 1296 quarn
830 1235 930 1277 coenae
940 1211 1119 1276 Dominieae
1129 1211 1181 1294 pia
1190 1209 1373 1274 solemnitas

319 1320 484 1382 annuatim
499 1320 655 1384 celebrem
679 1321 792 1399 reddit,
808 1323 842 1385 in
858 1335 982 1386 tantum
1010 1334 1167 1384 tumorem
1193 1319 1375 1385 adolescens

320 1429 403 1492 circa
431 1421 539 1494 vitalia
567 1443 774 1514 ventremque
805 1442 997 1507 excreverat,
1028 1442 1065 1492 ut
1094 1428 1221 1512 loquela
1246 1431 1374 1513 penitus

321 1538 434 1601 amissa
450 1541 574 1625 majoris
598 1539 759 1604 videretur
782 1540 998 1603 admirationis
1023 1539 1167 1602 medium
1192 1537 1283 1602 illum
1308 1559 1375 1602 non

319 1650 474 1732 crepuisse
502 1672 597 1732 quarn
621 1649 700 1713 adeo
726 1649 930 1714 vehementer
959 1650 1158 1714 intumuisse.
1218 1648 1375 1714 Discurrit

319 1755 383 1822 huc
407 1757 544 1842 illucque
569 1772 657 1842 pater
680 1759 803 1837 anxius,
829 1758 1033 1843 tandemque,
1060 1758 1177 1823 Divina
1207 1758 1376 1822 miserante

320 1871 498 1950 clementia,
521 1873 716 1937 salutiferum
752 1872 919 1956 liquorem,
945 1895 1041 1956 quem
1066 1872 1239 1958 quaerebat,
1264 1893 1375 1935 conse·

323 1995 442 2065 quutus
456 1994 524 2061 est3
546 1983 796 2067 lestinanterque
812 1982 945 2046 domum
959 2005 1111 2058 reversus,
1138 1980 1289 2066 poculum
1303 2003 1375 2064 por·

321 2091 403 2154 rexit
418 2093 590 2175 aegrotanti.
639 2089 752 2156 Statim
768 2091 932 2176 mitigatus
947 2103 995 2155 est
1010 2089 1109 2167 dolor,
1120 2101 1225 2153 tumor
1236 2087 1376 2165 sedatus,

323 2211 511 2281 tantumque
534 2201 650 2284 vigoris
687 2222 762 2265 cum
789 2200 888 2265 salute
919 2221 1018 2284 puero
1046 2199 1229 2262 restitutum
1252 2212 1310 2276 est,
1339 2209 1378 2262 ut

324 2309 436 2391 quinto
451 2308 503 2373 die
519 2311 648 2395 martyri
663 2331 696 2374 se
712 2331 784 2373 cum
799 2311 970 2396 gratiarnm
985 2310 1109 2374 actione
1125 2322 1334 2395 praesentaret.

808 2441 920 2509 XXV.

367 2572 571 2636 Praesentavit
593 2593 625 2634 se
649 2571 695 2636 illi
720 2585 753 2637 et
778 2571 924 2637 Matthaei
949 2571 1113 2659 cujusdam
1140 2571 1379 2636 Cantuariensis

323 2702 406 2744 uxor
423 2680 574 2758 Goditha,
591 2681 647 2746 sed
671 2682 781 2746 alienis
804 2684 946 2747 innitens
971 2683 1116 2768 pedibus,
1131 2705 1196 2745 non
1222 2682 1375 2768 propriis:

325 2791 475 2856 mulieres
507 2792 581 2856 duae
603 2794 729 2858 tertiam
764 2794 1000 2879 supportabant.
1046 2792 1169 2856 Tumor
1184 2791 1374 2856 horribilisa

321 2903 456 2987 genibus
470 2914 502 2965 et
512 2902 592 2965 infra
604 2902 768 2967 videbatur
779 2927 786 2966 ε
798 2903 970 2988 opponitur
978 2901 1140 2985 sanguinis
1149 2913 1182 2964 et
1193 2924 1285 2986 aquae
1303 2925 1369 2966 me·

326 3009 433 3074 dicina
456 3024 489 3074 et
515 3033 613 3094 usque
642 3011 683 3074 ad
698 3011 861 3097 pristinam
876 3011 1083 3097 gracilitatem
1095 3009 1216 3073 tumida
1230 3010 1374 3074 membra

326 3120 571 3204 restringuntur.
620 3119 753 3185 Occulte
766 3121 880 3184 mulier
889 3120 990 3197 allata,
1011 3119 1145 3184 latenter
1170 3119 1376 3184 nihilominus

326 3228 483 3292 abscessit.
509 3227 648 3314 Singulis
658 3228 808 3313 deinceps
819 3230 983 3295 meliorata
992 3229 1111 3305 dicbus
1123 3229 1230 3312 vigore
1243 3228 1383 3314 perfecto

328 3337 363 3400 in
378 3337 464 3400 brevi
478 3336 658 3401 redonatur.
704 3337 784 3402 Haeo
800 3351 832 3401 et
847 3338 937 3422 plura
952 3337 1111 3402 satisfuere
1130 3337 1287 3421 magnalia
1306 3359 1378 3421 quae

328 3446 410 3510 circa
431 3444 500 3509 dies
515 3445 681 3510 Paschales
705 3460 851 3532 operatus
867 3459 914 3510 est
940 3446 1108 3520 Dominus,
1124 3457 1157 3508 et
1182 3445 1307 3508 athletae
1323 3467 1380 3508 suo

332 3555 477 3642 praestitit
504 3554 741 3642 glorificationis
775 3555 923 3618 initium:
947 3555 1004 3618 sed
1029 3576 1125 3639 parva
1156 3567 1232 3619 suut
1256 3555 1325 3620 haec
1350 3568 1384 3620 et

333 3667 566 3751 comparatione
582 3665 783 3750 sequentium
800 3664 904 3728 vicina
919 3663 1091 3748 despectui.

824 3821 952 3887 XXVI.

378 3947 499 4012 Aderat
514 3947 582 4010 dies
597 3945 851 4010 Resurrectiouis
867 3945 1045 4012 Dominicae
1053 3948 1083 4022 ἥ,
1101 3947 1169 4012 dies
1193 3969 1287 4031 quam
1310 3947 1386 4012 feeit

372 4121 387 4151 '
406 4119 501 4172 Easter
513 4117 630 4186 Suaday,
642 4116 671 4169 in
687 4119 762 4182 1171,
776 4135 829 4169 was
844 4117 888 4170 the
899 4119 963 4170 aeth
977 4120 1008 4170 of
1017 4119 1120 4171 March.
