3232 5166
525 663 568 710 nn
589 663 672 710 vrrs
696 643 728 710 S.
754 641 896 711 Treoua.
1214 645 1253 712 lt

247 815 462 883 Asseverante
489 819 585 906 igitur
611 819 847 906 archiepiscopo
873 841 906 882 se
934 815 1055 880 nescire
1081 811 1160 898 quid
1181 833 1259 896 erga

204 929 402 1012 majestatem
432 931 552 1015 regiam
581 929 751 995 emendare
778 929 919 1004 deberet,
945 925 1006 990 nisi
1033 923 1114 990 illud
1142 943 1260 988 eorum

203 1039 435 1116 benevolentia,
453 1063 522 1124 quoe
538 1041 646 1123 utique
662 1041 748 1104 nulls
771 1053 848 1115 erat,
872 1037 1022 1113 ediceret,
1038 1035 1083 1100 ait
1105 1031 1257 1120 Reginel·

198 1147 261 1211 ‹lus
278 1175 285 1219 ς
307 1155 330 1190 “
348 1150 460 1224 Quum
477 1164 507 1212 tc
523 1151 569 1213 rei
585 1151 679 1235 hujus
693 1151 822 1236 penitus
832 1146 1013 1213 confitearis
1025 1145 1182 1231 ignarum,
1198 1165 1256 1208 nos

198 1259 257 1322 tibi
273 1258 350 1342 quid
365 1280 457 1344 agere
473 1258 590 1324 debeas
604 1260 840 1346 explicabimus.
875 1255 1013 1322 Mandat
1027 1255 1086 1322 tibi
1101 1253 1251 1320 dominus

202 1391 258 1432 rex
275 1383 391 1446 noster,
407 1383 444 1432 ut
470 1369 511 1433 ad
524 1370 627 1434 lilium
643 1393 735 1434 suum
752 1392 871 1456 regem,
887 1367 1055 1436 infinibus
1079 1362 1257 1430 cismarinis

199 1494 463 1555 commorantem,
492 1481 682 1563 quantocius
711 1501 776 1556 eas,
801 1479 989 1545 fidelitatem
1017 1477 1049 1542 ei
1071 1473 1257 1559 interposito

195 1590 381 1674 juramento
406 1590 555 1665 tacturos,
570 1603 604 1654 et
628 1589 747 1674 quain
773 1589 891 1674 regiam
908 1586 1045 1674 peccasti
1060 1585 1256 1670 majestatem

199 1699 437 1763 emendaturus.
451 1699 470 1730 ¹’

246 1810 421 1894 Respondit
444 1810 491 1874 vir
515 1809 657 1887 Domini,
682 1823 718 1874 et
746 1809 810 1879 ait:
834 1805 969 1872 “Unde
991 1805 1039 1870 illi
1067 1802 1255 1878 fidelitatem

201 1921 293 1982 tactis
316 1919 520 1983 sacrosanctis
535 1918 637 1983 debeo
658 1918 869 1984 confirmare?
884 1931 939 1982 aut
954 1917 988 1982 in
1001 1938 1069 2003 qno
1084 1911 1255 2000 majestatis
1271 1995 1274 2000 ,

200 2030 296 2114 regiae
311 2051 384 2092 reus
399 2029 531 2092 effectus
546 2051 616 2092 sunt
626 2030 640 2092 i
649 2029 666 2060 ''

246 2138 379 2204 Satelles
393 2152 500 2204 autem
517 2140 682 2226 posteriori
708 2139 890 2223 questionis
905 2150 1004 2224 parte,
1019 2157 1114 2221 quam
1133 2132 1253 2200 solvere

201 2250 385 2316 nullatenus
397 2265 530 2336 poterat,
546 2252 670 2327 natissa,
686 2252 731 2315 sic
745 2251 917 2316 denodavit
931 2249 1122 2314 anteriorem
1134 2269 1143 2308 ε
1171 2252 1191 2284 “
1202 2244 1253 2308 De

200 2361 340 2439 baronia,
357 2384 454 2447 qnam
479 2362 518 2424 de
534 2359 666 2426 domino
691 2384 763 2425 meo
788 2384 862 2447 rege
884 2375 983 2435 tenes,
1010 2357 1150 2443 exigitur
1177 2377 1196 2418 a
1222 2369 1253 2418 te

198 2493 274 2536 cum
286 2473 470 2556 juramento
485 2473 671 2537 confirmata
684 2472 827 2537 fidelitas.
875 2471 918 2536 Et
932 2471 972 2534 de
988 2469 1109 2534 clericis
1124 2489 1203 2550 quos
1218 2466 1253 2531 in

200 2595 317 2644 terram
331 2603 420 2644 suam
442 2581 609 2654 adduxisti,
625 2582 650 2645 si
677 2582 708 2646 in
738 2596 820 2646 terra
841 2605 898 2645 sua
912 2601 1077 2646 remanere
1099 2575 1255 2642 voluerint

198 2691 376 2754 securitatis
387 2692 604 2775 juramentum
621 2690 828 2754 nihilominus
842 2689 1010 2774 exigitur.”

245 2801 511 2885 Arcbiepiscopns
527 2799 567 2863 ad
584 2800 651 2863 lraec
667 2827 676 2875 3
699 2807 719 2838 “
730 2802 779 2866 De
799 2800 928 2864 baronia
943 2798 1073 2864 domino
1088 2819 1161 2862 meo
1176 2797 1254 2884 regi,

198 2900 357 2994 quidquid
365 2911 418 2995 jus
429 2925 483 2973 aut
493 2912 572 2974 ratio
582 2910 757 2987 dictaverit,
770 2911 872 2974 iacere
886 2924 1013 2996 paratus
1025 2932 1104 2975 sum.
1129 2908 1253 2974 Verum

199 3019 289 3082 cinni
305 3019 512 3103 ambiguitate
528 3035 650 3085 remota
660 3043 722 3105 pro
737 3037 824 3086 certo
841 3036 958 3100 teneat,
974 3022 1062 3109 quod
1078 3045 1138 3086 nec
1155 3045 1174 3084 a
1190 3044 1252 3098 me,

201 3153 261 3193 nec
276 3130 316 3193 ad
331 3130 437 3212 aliquo
449 3130 638 3196 clericorum
654 3155 797 3197 meorum
810 3134 1035 3218 juramentum
1046 3133 1176 3216 aliquod
1196 3157 1255 3220 po·

196 3239 277 3302 terit
296 3253 492 3322 extorquere.
519 3241 624 3304 Multa
637 3263 734 3326 super
748 3241 881 3308 modum
897 3257 1022 3308 extorta
1037 3257 1121 3319 sunt,
1137 3257 1169 3309 et
1182 3246 1252 3329 jam

203 3349 320 3432 perjuri
337 3360 368 3412 et
383 3349 651 3414 excommunicati
668 3352 819 3414 nimirum
835 3351 984 3416 videntur
999 3354 1165 3420 excedere.
1190 3353 1254 3419 Sed

200 3459 268 3543 jam
291 3458 453 3542 plurimos,
479 3461 549 3523 Deo
574 3463 699 3546 gratias,
716 3475 780 3526 tam
797 3485 815 3526 a
831 3464 964 3528 crimine
992 3466 1135 3551 perjurii,
1160 3488 1255 3550 quam

201 3567 412 3631 anathematis
427 3568 555 3633 vinculo
581 3570 746 3657 colligatos
762 3573 892 3651 absolvi,
908 3573 1056 3658 reliquos,
1072 3598 1172 3660 quum
1188 3576 1256 3641 Do·

206 3679 311 3741 atinus
327 3680 485 3758 annuerit,
502 3681 541 3744 ab
556 3681 678 3744 eisdem
695 3683 843 3766 periculis
858 3687 1045 3770 ejecturus.''

248 3787 445 3873 Reginaldus
476 3790 601 3874 inquit:
637 3790 885 3878 “intelligimus
914 3795 1002 3880 quod
1018 3796 1107 3878 ¹nihil
1133 3820 1256 3876 eorum,
1329 3885 1330 3890 η

204 3918 275 3978 quse
305 3898 363 3960 tibi
393 3901 622 3984 proposuimus,
651 3903 791 3968 lecturus
820 3906 872 3968 sis.
928 3906 1084 3970 Praeterea
1110 3910 1261 3995 praecepit

204 4005 355 4070 dominus
370 4030 435 4083 rex,
452 4024 488 4072 ut
504 4011 667 4096 episcopos
679 4037 751 4078 siros
766 4038 785 4078 a
800 4029 830 4079 te
858 4017 975 4100 absque
992 4018 1123 4084 licentia
1137 4043 1194 4085 sua
1208 4022 1259 4086 vel

208 4120 501 4184 excommunicatos
523 4121 571 4186 vel
592 4145 769 4209 suspensor,
787 4140 851 4191 tam
873 4150 892 4189 a
914 4128 1139 4208 damnationis,
1164 4155 1259 4216 quam

206 4248 226 4288 a
239 4227 360 4290 silentii
375 4229 515 4293 absolvas
530 4235 698 4310 sententia,
715 4239 889 4323 taszrrper
904 4241 953 4306 his
969 4265 1063 4326 quam
1078 4267 1177 4330 super
1190 4245 1260 4308 aliis

207 4358 279 4419 quae
294 4337 353 4402 tibi
368 4337 452 4402 volet
468 4341 614 4425 objicere,
627 4344 691 4428 juri
707 4349 894 4431 pariturus’'

251 4445 295 4508 Et
324 4448 596 4534 archiepiscopum
621 4463 641 4493 “
659 4455 831 4541 Episcopos
858 4460 1076 4544 quidemfnec
1105 4465 1259 4550 suspendi

204 4575 266 4619 nec
281 4557 554 4640 anathematizavi,
571 4563 626 4630 ssd
641 4565 790 4716 domipus
805 4586 911 4638 noster
925 4595 1016 4660 papa,
1033 4574 1086 4638 cui
1101 4575 1260 4662 dignosci-
