3232 5166
540 663 582 736 pn
605 663 686 707 vrrs
711 617 737 708 S
757 641 896 743 Trione.
1235 649 1278 709 29

224 835 294 880 stam
305 815 374 880 nasi
385 814 625 888 descenderat*
661 817 743 881 Cum
760 815 931 899 quostiam
943 814 1035 901 signo
1047 815 1155 880 multis
1169 829 1280 903 postea

225 927 306 992 nihil
321 927 396 990 inde
412 948 538 1012 prorsus
552 925 725 990 scientibus
739 949 796 1011 per
811 927 962 990 visionem
979 927 1133 1013 apparuit,
1144 929 1198 1011 qui
1214 952 1280 994 non

226 1039 317 1102 aliter
338 1036 415 1129 illud
439 1037 607 1101 tolerando
629 1035 858 1122 desripserunt,
897 1058 990 1120 quam
1019 1038 1045 1101 si
1071 1040 1229 1124 corporeis
1246 1039 1280 1104 id

226 1147 325 1212 oculis
349 1147 571 1233 inspexissent.
617 1146 753 1212 Jacente
778 1161 886 1210 autem
910 1147 1015 1212 adhuc
1038 1148 1070 1211 in
1095 1150 1281 1234 pavimento

227 1258 383 1344 sanguine
395 1257 449 1322 alii
459 1257 568 1322 oculos
582 1278 655 1320 suos
671 1256 833 1334 liniebant,
849 1255 903 1320 alii
915 1256 1049 1322 vasculis
1060 1257 1171 1336 allatis,
1187 1282 1282 1343 quarn

228 1380 385 1454 poterant,
400 1378 522 1453 partem
545 1367 766 1451 surripiebant,
782 1367 836 1431 alii
861 1367 1005 1432 certatim
1021 1368 1164 1453 praecisas
1179 1384 1281 1434 vestes

228 1478 446 1564 intingebant:
469 1499 529 1542 nee
544 1477 603 1542 sibi
620 1478 785 1561 quisquam
805 1491 914 1562 postea
934 1479 1019 1542 visus
1034 1491 1082 1542 est
1099 1479 1172 1543 satis
1186 1479 1282 1544 fuisse

229 1588 350 1665 beatus,
366 1588 422 1674 qui
437 1609 502 1652 non
517 1587 557 1652 de
574 1588 711 1673 pretioso
723 1587 778 1652 illo
794 1587 940 1652 thesauro
956 1587 1281 1673 quantulamcumque

226 1711 414 1784 reportasset
436 1700 624 1786 portionem.
668 1697 711 1762 Et
727 1698 857 1782 quidem
882 1699 1079 1762 conturbatis
1092 1713 1126 1764 et
1140 1701 1279 1765 confusis

229 1812 385 1888 omnibus,
397 1810 488 1876 licuit
498 1809 630 1895 singulis
639 1807 797 1895 quidquid
807 1807 909 1873 libuit.
955 1808 1032 1872 Pars
1044 1824 1153 1874 autem
1162 1813 1282 1876 cruoris

231 1945 327 2010 quem
342 1921 483 1986 ecelesiae
497 1920 694 1997 dimiserant,
703 1920 736 1984 in
749 1941 802 1982 vas
815 1919 1059 1987 mundissimum
1074 1922 1281 1987 mundissime

231 2033 362 2098 collecta
376 2033 410 2096 in
425 2031 558 2096 ecclesia
572 2033 740 2116 reponitur
754 2031 979 2095 conservanda.
1025 2031 1161 2096 Pallium
1175 2034 1243 2118 ejus
1255 2047 1286 2098 et

229 2143 353 2232 pellicia
377 2141 523 2217 exterior,
547 2140 629 2204 sicut
644 2153 735 2204 erant
746 2161 858 2203 cruore
873 2123 1000 2218 inlecta,
1016 2143 1208 2227 pauperibus
1223 2165 1282 2229 pro

231 2254 338 2317 anima
353 2253 452 2336 ipsius
467 2251 573 2314 minus
598 2248 733 2314 discreta
748 2252 866 2336 pietate
882 2250 994 2315 collata
1008 2267 1100 2316 sunt:
1125 2254 1199 2317 satia
1216 2256 1285 2338 qui·

228 2367 302 2431 dem
321 2364 477 2439 felicibus,
492 2362 553 2426 nisi
569 2385 607 2426 ea
627 2362 735 2426 statim
756 2360 935 2427 inconsulte
956 2363 1130 2429 vendentes
1150 2387 1284 2451 parvum

230 2477 271 2541 eis
287 2475 423 2563 pretium
438 2472 658 2560 praetulissent.

586 2605 824 2671 Fanemsrrruar
869 2612 901 2672 9.

274 2721 446 2788 Transacta
467 2733 515 2785 est
530 2719 628 2804 igitur
642 2741 706 2782 nox
721 2717 775 2782 illa
793 2716 1046 2798 lamentabiliter,
1065 2718 1099 2782 in
1114 2717 1233 2799 dolore,
1249 2723 1284 2787 in

230 2834 410 2922 gemitibus,
421 2845 517 2916 atque
528 2829 677 2916 suspiriis,
688 2851 758 2915 quae
766 2850 826 2892 nec
842 2828 882 2892 ad
897 2843 1091 2894 metuentem
1100 2831 1151 2894 vel
1160 2834 1286 2900 conseia

231 2945 349 3010 laetitiae
363 2942 413 3007 vel
432 2940 573 3006 moeroris
589 2940 708 3026 ignara,
724 2938 811 3003 diem
826 2939 945 3004 malitia
962 2941 1081 3026 majore
1099 2958 1283 3029 suspectum

234 3054 377 3120 adduxit.

586 3183 826 3249 Fanensurun
864 3187 912 3248 10.

283 3300 423 3378 Qualiter
455 3297 553 3362 sancti
575 3297 721 3380 martyris
744 3316 851 3376 empus
873 3295 1029 3359 deductum
1052 3300 1092 3362 ait
1113 3301 1157 3363 ad
1184 3309 1284 3365 tumu-

235 3413 370 3477 landum.

277 3522 317 3587 In
341 3519 475 3585 crastino
500 3538 574 3581 vero
598 3515 699 3580 multa
722 3536 830 3580 rursus
853 3529 1042 3581 armatorum
1073 3540 1170 3585 manu
1193 3536 1283 3588 extra

234 3632 367 3699 civitatis
379 3630 493 3696 maenia
508 3641 707 3713 congregata,
723 3626 919 3712 divulgatum
936 3641 983 3691 est
999 3629 1141 3717 undique
1157 3635 1283 3718 majoris

235 3767 288 3808 eos
303 3741 473 3806 atrocitatis
488 3737 664 3801 intentione
677 3736 877 3812 confluxisse,
888 3737 1035 3802 videlicet
1047 3754 1082 3803 ut
1094 3742 1193 3805 sancti
1204 3765 1282 3807 mar-

235 3855 311 3940 tyris
340 3873 453 3936 corpus
481 3870 499 3912 a
529 3847 649 3932 gremio
677 3861 794 3908 sanctae
825 3846 933 3910 matris
962 3846 1099 3912 ecclesiae
1128 3851 1284 3918 violenter

236 3965 425 4028 abstractum
450 3974 483 4024 et
506 3980 563 4045 per
586 3970 685 4022 totam
709 3957 868 4020 civitatem
895 3957 984 4041 equis
1007 3958 1201 4041 distractum,
1228 3977 1283 4030 aut

235 4073 376 4160 patibulo
402 4069 645 4155 suspenderent,
672 4075 727 4132 aul
751 4068 784 4130 in
806 4068 905 4131 frusta
920 4068 970 4132 vel
998 4070 1150 4136 minutias
1176 4077 1282 4141 conci-

515 4277 530 4308 *
550 4275 598 4328 See
610 4273 654 4326 the
667 4273 779 4342 presace,
794 4273 847 4326 ond
861 4291 928 4344 page
941 4279 1001 4329 219.
