3232 5166
690 502 883 567 Brurnrorr
906 522 1050 566 ansnrrs
1297 507 1360 588 [lit.
1378 504 1405 571 I.

808 722 947 786 XXXII.

400 831 523 897 Scimus
553 845 658 896 autern
682 832 755 916 quia
784 835 839 917 qni
862 855 949 920 genu
978 833 1082 898 debile
1111 833 1277 911 roboravit,
1306 834 1411 920 potuit

352 957 384 1008 et
410 942 499 1008 bases
525 944 590 1028 ejus
606 956 639 1007 et
653 943 777 1029 plantas
797 943 838 1007 ad
852 943 985 1030 plenum
1002 943 1207 1023 consolidare,
1224 959 1260 1008 ut
1285 966 1410 1031 gressus

354 1067 456 1118 rectos
465 1055 592 1132 faceret,
605 1055 686 1118 sicut
695 1066 728 1118 et
740 1051 870 1118 leivae
881 1053 1009 1118 cuidam
1024 1053 1246 1119 cantuariensi
1255 1054 1408 1119 donatum

354 1185 502 1228 essenon
518 1162 710 1228 dubitamus.
758 1163 1045 1250 Haucalligaverat
1070 1163 1201 1228 Satanas
1221 1167 1290 1251 jam
1315 1165 1407 1229 annis

351 1273 461 1352 tribus,
486 1285 519 1337 et
554 1286 621 1337 erat
648 1272 811 1349 inclinata,
842 1295 902 1336 nec
931 1273 1050 1360 absque
1091 1273 1205 1338 baculo
1244 1296 1408 1360 quoquam

352 1382 478 1449 valebat
493 1381 653 1448 incedere.
698 1381 866 1446 Modicum
884 1405 916 1445 se
932 1381 973 1446 ad
988 1383 1162 1446 orationem
1179 1405 1284 1447 eoram
1300 1397 1408 1447 sancto

352 1497 572 1578 prostraverat,
599 1514 708 1576 quum,
735 1514 848 1557 renum
867 1491 976 1578 fugato
999 1492 1118 1570 dolore,
1142 1493 1259 1577 absque
1293 1493 1407 1558 baculo

352 1603 488 1666 surrexit
506 1615 621 1679 erecta,
644 1624 704 1667 nec
719 1582 852 1667 ulterius
867 1615 991 1687 portare
1013 1602 1147 1681 volebat,
1170 1626 1189 1666 a
1211 1625 1274 1687 quo
1290 1603 1406 1689 portari

351 1709 477 1777 solebat.

802 1883 959 1949 XXXIII.

388 2015 573 2082 Portaverat
583 2041 617 2083 se
632 2019 758 2096 etilluc,
774 2021 869 2084 unius
881 2031 1005 2084 tantum
1017 2019 1100 2084 oculi
1109 2018 1224 2084 ductus
1238 2018 1404 2104 regimine,

356 2125 549 2192 Edmundus
553 2129 681 2214 juvenis
692 2140 725 2194 et
734 2141 828 2194 natus
838 2141 871 2194 et
880 2128 954 2193 satis
962 2140 1057 2192 notus
1068 2127 1261 2192 Cantuariae=
1278 2127 1406 2193 oculum

354 2236 518 2301 sinistrum
533 2238 637 2324 specie
661 2249 754 2302 tenus
768 2238 905 2302 habebat
926 2236 983 2302 sed
997 2238 1043 2301 vis
1057 2237 1189 2302 videndi
1208 2259 1274 2301 non
1295 2237 1406 2302 inerat.

355 2345 547 2411 Excreverat
569 2347 666 2412 etiam
688 2348 723 2411 in
738 2347 939 2412 interioribus
957 2347 1093 2431 pectoris
1107 2349 1175 2433 ejus
1190 2348 1280 2434 quasi
1293 2369 1408 2432 coagu-

353 2457 453 2520 latum
470 2455 590 2540 aliquid
606 2465 637 2522 et
648 2457 864 2544 ponderosum
874 2456 976 2534 valde,
993 2456 1175 2540 quodnunc
1191 2457 1232 2521 ad
1247 2458 1408 2543 superiora

356 2565 541 2652 impulsum,
557 2590 644 2633 nunc
659 2568 698 2634 ad
714 2568 863 2634 inferiora
877 2567 1073 2644 devolutum,
1083 2568 1170 2631 miris
1179 2567 1268 2632 illum
1284 2566 1408 2652 puncti-

356 2678 470 2743 onibus
493 2679 636 2763 miroque
658 2679 814 2766 supplicio
835 2680 925 2765 quasi
948 2679 1079 2744 biennio
1100 2677 1294 2764 fatigaverat,
1312 2689 1346 2741 et
1367 2675 1409 2740 ad

311 2825 315 2832 -
354 2803 500 2866 mortem,
506 2791 588 2853 sicut
599 2803 631 2854 et
640 2811 680 2853 ex
693 2790 759 2854 solo
771 2789 861 2854 vultu
870 2788 1009 2852 marcido
1019 2800 1052 2852 et
1063 2787 1242 2853 decolorato
1251 2785 1407 2875 perpendi

355 2909 485 2986 poterat,
496 2897 690 2983 impellebat.
735 2896 910 2960 Instillatur
924 2898 993 2980 ejus
1008 2895 1101 2958 oculo
1115 2894 1310 2960 sacratissimi
1325 2894 1408 2959 stilla

355 3008 494 3072 cruoris:
529 3005 691 3093 sanguinis
720 3019 752 3070 et
776 3027 865 3092 aquae
886 3004 1138 3068 commistionem
1165 3008 1293 3088 potavit.
1324 3003 1411 3068 Mira

356 3119 495 3204 potionis
511 3117 657 3193 efficacia,
672 3117 799 3204 longius
812 3139 832 3180 a
850 3116 995 3202 sepulcro
1016 3127 1167 3191 remotus,
1182 3114 1217 3178 in
1238 3113 1352 3180 faciem
1374 3135 1408 3177 se

355 3229 572 3316 praecipitavit.
618 3226 773 3293 Vertebat
786 3250 819 3292 se
835 3228 869 3290 in
887 3226 1005 3302 latera3
1028 3225 1228 3290 volutabatur
1247 3224 1410 3304 clamans;

355 3340 537 3425 resurgebat
558 3338 694 3424 saepius3
723 3338 781 3403 sed
803 3337 904 3424 gradu
926 3336 1065 3401 instabili
1084 3349 1165 3400 stare
1186 3358 1251 3401 non
1267 3347 1408 3419 poterat:

356 3448 522 3514 corruebat
550 3449 585 3512 in
614 3448 728 3512 faciem
739 3473 749 3526 ;
779 3445 967 3510 allidebatur
996 3444 1037 3509 ad
1063 3457 1208 3530 petram;
1239 3444 1322 3507 malo
1351 3464 1409 3506 suo

355 3559 478 3624 venisse
500 3558 685 3635 videbatur3
716 3557 852 3621 insanire
874 3568 1018 3642 putares:
1050 3576 1147 3638 quem
1175 3555 1274 3617 virtus
1303 3552 1411 3617 divina

355 3671 493 3735 sanabat
541 3668 670 3734 Solutus
685 3681 732 3733 est
747 3666 875 3733 tandem
891 3667 926 3730 in
940 3686 1107 3741 somnum3
1142 3665 1275 3750 supinus
1295 3664 1409 3730 obdor-

353 3781 464 3846 mivit:
495 3779 616 3846 adstitit
637 3779 809 3844 dormienti
832 3791 960 3842 sanctus
978 3777 1052 3852 Dei,
1068 3788 1099 3840 et
1120 3774 1318 3860 apprehenso
1340 3775 1409 3860 ejus

353 3893 497 3969 humero,
514 3913 681 3956 excussum
697 3889 854 3966 excitavit,
870 3902 902 3954 et
925 3889 978 3964 ait,
996 3886 1140 3974 “Surge,
1156 3886 1321 3974 procede.”
1367 3888 1410 3948 At

352 4001 406 4066 ille
415 4001 521 4066 statim
533 4001 693 4088 evigilans,
704 3998 842 4065 volubile
853 3998 942 4075 illud,
953 3996 1038 4062 uude
1051 3997 1182 4061 interius
1193 3996 1409 4079 torquebatur,

353 4134 453 4197 usque
470 4111 510 4175 ad
525 4124 647 4195 partem
666 4109 801 4196 gutturis
821 4109 1000 4172 inferiorern
1022 4109 1120 4172 sensit
1141 4105 1270 4191 impelli.
1318 4105 1405 4168 Perre
