3232 5166
372 591 414 652 26
719 597 905 662 Bnuumcrr
924 619 1066 666 ussarrs

375 806 510 866 quorum
531 786 651 871 aliquos
660 791 729 875 jam
749 793 985 871 conscenderat,
1002 794 1093 859 vultu
1118 793 1277 880 intrepido
1292 791 1424 859 dicens:

375 903 396 932 ⁴‘
409 893 492 960 Ecce
517 919 576 982 ego
596 921 661 964 non
677 902 828 986 proditor,
849 904 905 968 sed
921 905 1195 992 archiepiscopus:
1208 907 1227 938 ”
1248 906 1425 970 Dominum

375 1005 522 1071 videlicet
538 1008 685 1088 imitatus,
701 1015 756 1096 qui
771 1016 985 1097 quaerentibus
999 1039 1032 1080 se
1043 1019 1064 1080 J
1066 1017 1164 1081 udaeis
1178 1017 1328 1101 processit
1339 1017 1425 1081 obvi-

373 1139 436 1194 arn,
452 1117 583 1184 dicens:
609 1122 701 1207 ‘Ego
726 1126 817 1189 sum’
857 1125 1024 1190 Accedcns
1040 1139 1147 1190 autem
1163 1127 1283 1213 primus
1297 1126 1426 1190 illorum

373 1225 457 1292 dixit
470 1243 596 1294 sancto:
622 1240 641 1270 “
652 1231 750 1318 Fuge,
761 1249 904 1299 mortuus
913 1257 946 1298 es
957 1235 964 1299 l
977 1238 995 1268 ''
1017 1236 1076 1300 Ait
1091 1251 1217 1301 sanctus
1232 1261 1240 1300 τ
1266 1245 1286 1276 “
1299 1235 1428 1320 Nequa-

377 1359 472 1422 quam
498 1339 647 1426 fugiam.''
708 1344 884 1430 Sacrilegus
899 1359 1006 1410 antem
1030 1345 1154 1410 satelles
1169 1369 1268 1410 manu
1293 1347 1326 1409 in
1353 1367 1429 1410 eum

373 1449 527 1534 conjecta,
543 1451 727 1538 pileumque
743 1475 893 1518 mucrone
909 1455 1070 1542 dejiciens,
1082 1457 1204 1540 inquit:
1223 1467 1244 1495 ‘⁶
1256 1455 1341 1521 Veni
1353 1457 1427 1532 hue,

374 1574 485 1644 captus
517 1562 582 1625 es.”
640 1565 687 1627 At
715 1579 841 1629 sanctus
872 1565 980 1630 “Non
1010 1567 1180 1647 veniam,’'
1196 1568 1309 1651 inquit,
1345 1567 1430 1632 “hic

374 1670 452 1733 mihi
467 1672 587 1737 iacietis
603 1697 674 1759 quae
699 1675 801 1739 iacere
817 1675 930 1741 vultis:
965 1676 1113 1761 palliique
1129 1677 1178 1741 sui
1202 1677 1365 1742 lasciniam
1381 1677 1422 1741 de

375 1803 473 1846 manu
489 1785 557 1868 ejus
572 1785 718 1848 excussit.

741 1921 766 1984 F
770 1940 986 1984 nueunururu
1023 1927 1053 1985 4.

417 2085 459 2148 Et
475 2085 514 2148 ad
530 2086 659 2152 alterum
675 2087 850 2166 loricatum,
867 2113 962 2176 quent
979 2089 1085 2176 gladio
1108 2090 1229 2154 nudato
1255 2092 1427 2178 appropin-

374 2217 470 2278 quare
500 2197 635 2274 videbat,
659 2222 828 2264 conversus
856 2201 954 2264 dixit:
981 2201 1105 2276 “Quid
1133 2215 1191 2279 est,
1223 2200 1428 2287 Reginalde?

376 2305 482 2369 Multa
501 2308 556 2370 tibi
573 2308 692 2371 contuli
707 2311 855 2374 benificia
870 2334 878 2386 ;
896 2325 928 2375 et
944 2311 983 2374 ad
996 2335 1046 2375 me
1061 2313 1094 2374 in
1105 2312 1270 2376 ecclesiam
1286 2328 1425 2377 armatus

373 2416 547 2480 accedis?”
580 2417 698 2482 Nonne
729 2421 776 2484 his
806 2422 908 2484 verbis
937 2422 1103 2485 videbatur
1132 2423 1272 2486 imitator
1304 2422 1426 2487 Christi

376 2527 536 2591 Christum
555 2529 732 2614 exprimere
747 2529 769 2592 J
771 2529 870 2594 udaeis
885 2531 1062 2594 dicentem:
1076 2540 1085 2571 ⁶
1100 2529 1268 2617 Tanquam
1280 2531 1320 2594 ad
1333 2531 1425 2595 latro-

373 2661 448 2700 nem
476 2639 595 2702 exiistis
619 2661 691 2703 cunr
718 2639 831 2725 gladiis
846 2655 878 2704 et
893 2642 1029 2704 fustibus
1044 2641 1318 2744 comprehendere
1329 2664 1380 2705 me
1391 2643 1426 2704 ?’

374 2746 439 2810 Cui
469 2747 591 2812 satelles
614 2750 727 2834 spiritu
756 2751 869 2814 luroris
895 2750 1008 2836 plenus
1033 2750 1157 2834 inquit:
1197 2751 1303 2815 “Jam
1319 2751 1425 2830 acica;

376 2870 519 2920 mortuus
532 2858 594 2922 es,''

735 3020 975 3085 Fauouauruu
1011 3024 1040 3086 5.

414 3192 458 3257 Et
473 3190 625 3255 inclinato
640 3193 743 3276 eapite
758 3193 890 3257 secundi
906 3195 1044 3259 vulneris
1056 3194 1296 3278 praestolabatur
1305 3194 1424 3259 adven-

369 3318 447 3370 tum.
496 3301 644 3367 Secundo
659 3325 733 3366 vero
749 3303 881 3367 vulnere
897 3307 993 3390 capiti
1008 3305 1078 3389 ejus
1093 3304 1226 3380 inflicto,
1242 3318 1329 3368 recto
1353 3325 1421 3368 cor·

368 3436 442 3500 pore
456 3414 543 3497 quasi
558 3411 597 3475 ad
612 3413 788 3475 orationem
805 3425 976 3495 prostratus
992 3414 1025 3475 in
1043 3426 1159 3476 terram
1175 3412 1302 3476 corruit.
1342 3412 1421 3477 Ter-

369 3524 431 3586 tius
453 3536 559 3585 autem
576 3520 743 3607 plurimam
760 3534 850 3585 testae
873 3522 1053 3605 portionem
1079 3518 1276 3603 amputando
1303 3519 1421 3584 vulnus

367 3632 550 3720 praecedens
570 3631 761 3696 horribiliter
777 3631 950 3716 ampliavit.
991 3631 1134 3706 Quartus
1158 3643 1265 3693 autem
1290 3630 1329 3695 ab
1355 3651 1421 3694 uno

367 3767 476 3809 eorum
493 3741 578 3826 quod
593 3743 685 3805 ferire
711 3741 847 3805 tardaret
869 3755 1042 3824 correptus,
1060 3741 1092 3803 in
1114 3739 1202 3803 idem
1225 3739 1341 3804 vulnus
1360 3741 1422 3804 im·

367 3877 491 3919 manem
502 3853 643 3939 gladium
659 3853 802 3929 vibravit,
812 3851 978 3938 gladioque
995 3852 1027 3913 in
1045 3849 1227 3936 pavimento
1244 3871 1420 3916 marmoreo

366 3965 539 4039 confracto,
564 3977 630 4026 tam
641 3960 814 4045 cuspidem,
830 3982 925 4044 quam
940 3959 1037 4045 gladii
1057 3961 1106 4023 sui
1121 3959 1270 4043 capulum
1287 3959 1419 4046 reliquit

365 4073 516 4137 ecclesiae.
557 4071 702 4154 Satisque
717 4071 842 4134 veritati
864 4092 1042 4156 congruum
1059 4090 1127 4134 esse
1143 4069 1314 4147 videretur,
1332 4070 1417 4154 quod

366 4205 429 4246 non
447 4181 526 4244 nihil
541 4202 590 4243 res
606 4181 664 4243 ista
679 4180 881 4265 portenderit.
900 4178 986 4245 Quid
1004 4180 1088 4242 enirn
1113 4178 1210 4264 gladii
1225 4178 1415 4244 adversario-

364 4316 436 4357 rum
451 4265 620 4357 confractio
637 4291 695 4354 nisi
712 4292 874 4373 potestatis
898 4291 1038 4354 adversae
1059 4292 1272 4376 dejectionem
1297 4313 1413 4370 veram,
