3232 5166
345 523 388 586 82
683 512 873 582 Brururcrr
895 537 1040 582 unsaris
1289 518 1352 602 [lib.
1370 513 1398 582 Ι.

349 691 497 774 tingeret.
564 685 749 774 Susceptam
772 709 888 770 aquam
908 686 999 752 latus
1036 687 1204 774 asportavit
1238 688 1294 753 sed
1318 689 1402 753 inter

347 798 493 864 eundum
507 796 714 862 ebullientem
727 797 839 862 amisit.
902 796 1099 882 Operculum
1124 797 1246 862 auferre
1258 811 1400 874 conatus,

346 922 384 972 ut
398 931 512 992 aquam
527 907 716 972 bullientem
731 907 864 987 videret,
880 929 941 972 neo
956 930 1101 973 amovere
1117 906 1197 972 illud
1211 909 1325 995 potuit,
1341 929 1402 972 nec

346 1045 482 1088 movere.
529 1021 685 1108 Arguitur
700 1023 739 1086 ab
769 1023 877 1108 aliquo
906 1023 1129 1088 comitantium
1179 1022 1298 1088 nullius
1334 1045 1401 1088 esse

346 1135 452 1198 meriti
467 1133 522 1218 qui
534 1134 748 1198 sanctuarium
758 1156 818 1198 nec
829 1148 953 1220 portare
964 1135 1080 1222 dignus
1091 1148 1243 1199 essetnec
1256 1155 1397 1199 cernere.

347 1245 455 1311 Quam
470 1266 574 1308 verum
588 1261 671 1308 esset
684 1243 769 1328 quod
779 1243 911 1321 dixerat,
925 1246 972 1310 rei
980 1246 1085 1309 exitus
1094 1258 1201 1330 aperte
1212 1244 1399 1310 declaravit:

348 1377 424 1420 nam
440 1353 635 1441 operculum,
651 1354 737 1438 quod
752 1377 867 1439 aquam
890 1368 1079 1439 praesentem
1092 1357 1127 1420 in
1143 1356 1262 1420 nullam
1278 1370 1401 1442 partem

345 1470 471 1536 valebat
486 1471 646 1548 divellere,
662 1469 790 1536 tandem
806 1469 917 1535 leviter
931 1483 964 1536 et
979 1472 1097 1555 absque
1113 1472 1200 1536 omni
1213 1471 1400 1535 difficultate

347 1582 492 1658 removit,
508 1580 565 1646 sed
580 1603 633 1645 vas
648 1581 774 1667 penitus
789 1593 976 1645 evacuatum
992 1581 1123 1646 invenit
1172 1579 1206 1646 Si
1221 1580 1395 1666 obstupuit,

349 1693 375 1754 si
390 1691 502 1768 doluit,
518 1690 545 1754 si
559 1690 618 1755 sibi
633 1689 750 1766 timuit,
767 1689 834 1775 ipse
850 1689 973 1775 novitb
990 1690 1045 1773 qui
1060 1702 1097 1754 ut
1111 1690 1171 1754 sibi
1191 1691 1318 1755 timeret
1341 1689 1402 1754 sibi

346 1802 408 1888 ipsi
424 1814 569 1865 ostensus
584 1814 641 1865 est.
690 1800 887 1886 Significavit
899 1803 990 1866 nobis
1002 1815 1113 1887 postea
1125 1808 1213 1866 tanto
1226 1823 1260 1866 se
1272 1822 1401 1866 maerore

348 1925 502 1996 tantoque
518 1929 608 1976 metu
622 1911 717 1975 fuisse
734 1924 926 1998 correptum,
943 1926 980 1976 ut
999 1911 1154 1997 quicquid
1177 1934 1211 1976 ae
1230 1912 1401 1997 deliquisse

348 2023 507 2098 meminit,
538 2043 604 2085 non
635 2021 693 2084 uni
728 2034 854 2085 tantum
884 2020 1069 2105 presbytero
1101 2020 1317 2098 confiteretur,
1348 2021 1405 2086 sed

349 2133 510 2198 tredecim.
555 2132 622 2196 Vas
645 2154 772 2219 quoque
794 2154 931 2198 vacuum
953 2144 1023 2218 post
1045 2130 1149 2196 cordis
1175 2133 1403 2197 contritionem

349 2266 431 2330 aqua
457 2244 553 2308 fontis
576 2243 730 2329 implevit,
747 2267 817 2328 quae
843 2259 876 2310 et
905 2256 1039 2330 aegrotos
1064 2264 1140 2307 cum
1167 2242 1235 2329 lide
1260 2244 1406 2309 bibentes

351 2354 453 2420 salvos
462 2356 545 2420 fecit.
592 2353 712 2420 Nonne
723 2355 834 2420 lusisse
844 2354 971 2420 videtur
982 2355 1034 2420 hio
1046 2365 1168 2440 martyr
1178 2376 1250 2419 cum
1262 2355 1404 2432 homine,

351 2477 390 2530 ut
418 2487 451 2530 se
481 2465 586 2551 ipsum
615 2464 745 2530 tandem
776 2486 951 2551 agnoscens
978 2464 1169 2531 illudentem
1189 2459 1255 2528 'sibi
1280 2463 1406 2529 luderet

350 2576 500 2640 hostem?
523 2575 635 2640 Ludus
651 2575 797 2662 martyris
812 2558 968 2640 dicendus
982 2588 1031 2640 est
1046 2599 1086 2640 an
1101 2575 1327 2660 reprehensio?
1360 2573 1394 2639 Si

349 2687 461 2752 ludum
488 2686 623 2751 velimus
646 2685 762 2763 dicere,
778 2683 874 2751 ludus
898 2700 946 2751 est
973 2687 1145 2766 honestus3
1177 2688 1204 2752 si
1227 2685 1399 2773 reprehen-

351 2800 484 2874 sionem,
501 2799 618 2883 pietate
640 2809 688 2861 est
709 2796 886 2862 laudabilis.
931 2798 1048 2864 Noluit
1067 2801 1230 2864 hominem
1251 2797 1293 2862 ad
1313 2819 1405 2862 sanc·

354 2907 490 2972 tuarium
506 2906 638 2992 indigne
656 2906 862 2970 accedentem
878 2907 911 2970 in
935 2908 1041 2972 furore
1065 2930 1218 2993 arguere3
1242 2908 1347 2972 noluit
1369 2908 1405 2970 in

351 3017 398 3081 ira
412 3015 566 3101 corripere
579 3036 587 3077 z
611 3014 774 3078 infirmum
788 3015 945 3101 patienter
973 3017 1143 3094 sustinuit3
1166 3016 1410 3081 misericorditer

353 3125 577 3212 reprehendit:
602 3125 681 3189 mira
696 3124 874 3190 dulcedinis
889 3127 990 3212 gratia
1006 3149 1194 3192 conversum
1212 3126 1341 3190 sanavit.

812 3345 940 3411 XLIV.

398 3457 520 3522 Pietate
536 3455 693 3520 consimili
708 3468 741 3519 et
758 3455 950 3520 Godelinam
966 3458 1126 3540 quandam
1143 3458 1407 3524 Cantuarieusem

357 3569 503 3633 novimus
518 3568 613 3632 fuisse
630 3579 817 3653 correptam,
828 3588 901 3652 quae
912 3589 994 3651 aqua
1004 3569 1038 3632 in
1048 3591 1120 3634 vase
1131 3568 1239 3655 ligneo
1251 3583 1407 3657 suscepta,

359 3701 460 3766 quum
478 3679 512 3742 in
533 3677 639 3743 reditu
659 3699 716 3762 per
737 3676 845 3741 Judaei
868 3677 1032 3762 cujusdam
1055 3680 1203 3743 transiret
1223 3679 1410 3764 hospitium,

358 3802 472 3877 rogatu
486 3789 508 3853 J
511 3789 632 3854 udaicae
647 3787 786 3852 mulieris
800 3787 942 3874 ingressa
956 3802 1013 3852 est.
1058 3788 1098 3852 In
1114 3790 1306 3854 carminibus
1322 3793 1409 3856 enim

362 3915 395 3966 et
417 3900 684 3966 incantationibus
709 3898 898 3983 quibusdam
917 3901 1087 3964 exercitata
1105 3899 1243 3964 debilem
1266 3901 1409 3985 ejusdem

403 4143 493 4206 §This
509 4143 609 4195 alludes
621 4150 648 4194 to
660 4142 704 4195 the
724 4141 856 4194 Christian
876 4141 995 4194 doctrine
1018 4145 1178 4212 concerning
1198 4143 1242 4195 the
1264 4143 1375 4212 elficacy
1387 4144 1418 4195 of

369 4237 452 4292 l'aith.
