3232 5166
352 533 394 590 (ll
700 528 888 590 Bussnrcm
911 538 1050 591 Assaria
1302 521 1364 603 [lib.
1383 519 1409 582 Ι.

351 721 454 766 ceram
471 699 577 775 etiam,
594 719 656 782 qua
675 717 730 762 tas
751 697 853 764 fuerat
875 698 1066 773 obturatum,
1093 693 1307 781 superfluente
1334 715 1407 756 san-

351 809 448 889 guine
481 808 639 886 inlectam,
672 824 748 872 sunt
777 807 994 894 contemplati,
1020 828 1079 870 nec
1110 819 1216 870 tamen
1243 801 1407 866 admirati:

350 920 531 984 estimantes
547 919 665 983 etenim
681 917 767 1003 quod
784 916 940 984 Radulfus
963 917 1108 1001 praefatus
1137 929 1238 980 totum
1255 911 1406 977 infuderit

350 1043 391 1105 et,
409 1028 552 1092 miraculi
567 1028 641 1092 facti
657 1029 785 1114 penitus
800 1028 911 1113 ignari,
928 1029 996 1112 ejus
1011 1025 1236 1091 benevolentiae
1251 1038 1285 1088 et
1306 1022 1401 1108 largi-

350 1140 406 1202 tati
421 1140 548 1203 Divinae
565 1139 733 1224 majestatis
745 1160 825 1222 opus
834 1137 1076 1224 adscripserunt.
1124 1139 1168 1201 At
1180 1135 1242 1212 ille,
1254 1156 1402 1220 processu

348 1251 498 1335 temporis
514 1249 645 1313 audiens
661 1249 701 1312 ab
715 1247 859 1334 ejusdem
874 1247 1012 1312 eeclesiae
1028 1247 1164 1322 sacrista,
1182 1245 1267 1330 quod
1278 1244 1402 1330 ampul-

348 1356 411 1422 lam
437 1361 556 1423 cruoris
577 1359 704 1445 plenam
724 1372 938 1444 susceperunt,
961 1379 1103 1421 rumores
1126 1355 1327 1421 delectabiles
1341 1377 1400 1419 nec

346 1481 382 1533 ut
397 1469 489 1533 falsos
505 1491 662 1555 respuere,
672 1490 732 1533 nec
741 1485 777 1533 ut
788 1489 878 1532 veros
893 1469 1021 1532 credere
1037 1467 1183 1542 audebat,
1195 1464 1401 1551 quoadusque

348 1579 501 1644 offerente
518 1603 550 1644 se
570 1596 709 1665 tempore
731 1601 882 1665 congruo,
907 1577 1133 1642 colecestriam
1154 1575 1324 1661 probandae
1339 1597 1406 1639 cer·

346 1689 589 1753 titudiniscausa
599 1689 744 1773 perrexit.
770 1690 1040 1754 Convenientibus
1050 1709 1124 1773 ergo
1137 1686 1197 1751 illis
1207 1687 1239 1749 in
1251 1698 1404 1760 unumst

344 1799 399 1862 illo
419 1799 655 1864 demonstrante
673 1814 827 1884 quantum
844 1800 987 1875 misisset,
1003 1799 1064 1862 illis
1080 1810 1234 1882 quantum
1249 1799 1396 1881 suscepe-

343 1909 408 1974 rint
423 1909 672 1986 ostendentibus,
685 1911 774 1993 quasi
789 1909 914 1973 oculata
925 1908 989 1974 fide
1001 1930 1072 1994 pars
1085 1922 1217 1990 utraque
1228 1905 1400 1972 certificata

343 2031 444 2082 estet
467 2019 629 2083 admirata.
676 2018 869 2082 Retulerunt
891 2020 988 2082 etiam
1011 2016 1106 2102 quod,
1135 2017 1202 2081 lota
1231 2038 1302 2080 cera
1331 2035 1394 2100 qua

342 2127 446 2192 suerat
464 2151 517 2191 vas
539 2131 731 2204 obturatum,
750 2151 864 2212 aquam
885 2129 1012 2193 cuidam
1033 2129 1174 2193 ecclesiae
1196 2128 1308 2192 vicinae
1322 2148 1396 2191 con·

344 2237 498 2316 tulissent,
514 2239 732 2324 presbyterum
751 2237 902 2324 pyxidem
917 2261 989 2303 cum
1005 2260 1088 2322 aqua
1103 2260 1198 2324 super
1213 2237 1308 2301 altare
1325 2259 1397 2323 pos·

344 2348 438 2424 uisse,
464 2349 519 2412 sed
542 2361 705 2431 resumpta
726 2348 766 2412 de
789 2347 878 2412 altari
901 2349 933 2410 in
957 2348 1091 2413 domum
1120 2371 1209 2412 suam
1233 2348 1396 2422 intulisse3

341 2459 513 2522 surrexisse
527 2471 634 2522 autem
650 2458 740 2522 illum
755 2459 789 2523 in
805 2458 951 2535 crastino,
968 2473 1000 2523 et
1015 2461 1087 2523 lissa
1102 2459 1220 2546 pyxide
1237 2481 1276 2522 ne
1290 2481 1391 2524 unam

345 2567 476 2653 quidem
492 2582 614 2654 guttam
631 2569 806 2632 invenisse:
826 2569 873 2632 ita
887 2568 1093 2654 dispositione
1105 2570 1223 2634 Divina
1232 2582 1264 2634 et
1278 2569 1395 2654 quibus

342 2676 442 2740 voluit
457 2676 549 2740 datus
564 2691 611 2742 est
627 2677 756 2763 sanguis
771 2690 804 2742 et
819 2677 1009 2742 abundavit:
1043 2692 1075 2742 et
1090 2679 1142 2742 cui
1159 2701 1222 2742 non
1244 2679 1398 2743 concessit

344 2787 441 2853 etiem
458 2787 543 2871 quod
558 2788 725 2851 videbatur
739 2787 865 2865 habere,
881 2789 1020 2853 ablatum
1037 2803 1084 2853 est
1098 2789 1138 2852 ab
1154 2809 1201 2853 eo.

833 2983 911 3048 XX.

390 3117 584 3182 Miraculum
600 3139 725 3202 qnoque
750 3117 790 3182 de
811 3121 973 3206 sanguinis
989 3120 1257 3207 augmentatione,
1274 3119 1398 3184 duobus

295 3231 308 3248 ⁸
343 3227 592 3313 praecedentibus
607 3252 671 3292 non
688 3231 793 3293 minus
808 3229 991 3316 gloriosum,
1008 3231 1115 3295 retulit
1129 3231 1219 3294 nobis
1235 3231 1396 3317 presbyter

344 3335 525 3400 Willclmus
540 3337 580 3401 de
599 3336 724 3414 Brunis,
739 3340 835 3402 viret
850 3362 975 3404 morum
996 3341 1159 3404 honestate
1184 3356 1216 3403 et
1230 3360 1396 3403 conversa-

345 3447 440 3510 tionis
461 3446 613 3532 religione
645 3441 916 3526 commendabilis,
947 3466 980 3513 et
1012 3448 1294 3513 Cantuariensibus
1325 3462 1393 3512 tum

344 3571 471 3643 propter
491 3557 551 3622 loci
570 3559 773 3634 vicinitatem,
797 3571 865 3622 tum
884 3573 1013 3644 propter
1032 3561 1082 3623 sui
1103 3559 1276 3622 bonitatem
1300 3559 1399 3622 notis.-

344 3669 451 3732 sirnus.
489 3666 577 3732 Idem
588 3670 673 3732 enim
688 3691 786 3754 quum
796 3668 946 3734 audiisset
955 3670 1071 3734 Christi
1082 3669 1231 3734 athletam
1242 3691 1275 3732 se
1287 3670 1390 3752 ipsum

345 3777 1391 3866 Deosacrificioobtulisse,cogitarccoepitquampatienterexilium

345 3891 494 3975 usquein
511 3912 631 3954 annum
647 3891 817 3975 septimum
832 3904 1023 3976 porrectum,
1047 3905 1080 3955 et
1101 3891 1230 3977 injurias
1255 3891 1396 3976 proprias

345 4000 539 4076 sustinuerit,
556 4023 652 4086 quam
669 4001 888 4086 aequanimiter
902 4015 1069 4086 parentum
1086 4021 1118 4065 et
1140 4003 1311 4066 amicorum
1328 4023 1399 4063 suo-

346 4132 428 4186 rum,
445 4113 750 4196 parvulorumetiam
762 4115 801 4177 ad
813 4114 910 4178 ubera
925 4115 1134 4200 pendentium
1150 4113 1398 4199 deplorationem
