3232 5166
655 641 834 714 Pnnrnca.
1275 635 1297 708 5

204 829 416 906 alterations
450 827 621 928 perhaps,
661 825 701 900 ol
734 822 913 900 Benedict
946 821 1056 897 abbat
1096 819 1136 895 ol
1176 821 1316 896 Peter·‘

204 947 420 1138 bollbhgbldrt
449 1061 495 1134 de
526 1057 725 1145 Bosham,*
750 1058 814 1130 the
844 1055 986 1130 minute
1015 1053 1235 1151 biographer
1264 1051 1304 1126 of

205 1181 369 1254 Thomas
386 1179 537 1264 Becket,
554 1177 593 1252 in
615 1175 723 1250 Book
747 1175 786 1248 II
812 1171 851 1246 ol
873 1173 929 1246 his
954 1173 1071 1248 Lrsun
1095 1172 1303 1262 Muaonuu,

202 1322 243 1392 p.
263 1293 323 1382 17,
339 1295 409 1368 bas
425 1295 489 1368 the
506 1291 696 1388 following
712 1313 886 1387 passage:

251 1460 297 1525 Ut
322 1460 366 1524 ita
388 1459 421 1524 in
447 1458 606 1523 victorioso
633 1457 778 1541 sangnine
804 1455 941 1540 martyris
966 1455 1094 1540 diruptis
1118 1463 1307 1540 peccatorum

208 1563 336 1634 vinculis
348 1562 514 1626 educantur
521 1561 616 1625 vincti
626 1559 844 1626 infortitudine
856 1586 864 1638 ;
882 1559 1020 1622 similiter
1028 1565 1058 1622 et
1071 1559 1123 1642 qui
1133 1566 1309 1644 exasperant

210 1665 263 1749 qni
277 1663 416 1728 habitant
433 1663 467 1728 in
478 1662 639 1748 sepulcris:
661 1669 692 1726 et
706 1683 774 1725 vere
791 1661 888 1725 multa
901 1667 932 1724 et
947 1661 1120 1725 miraculose
1131 1670 1225 1746 gesta,
1241 1685 1308 1747 quie

212 1767 263 1852 qui
278 1788 365 1831 nosse
386 1764 542 1844 desiderat,
558 1764 639 1850 legat
662 1764 768 1828 libram
786 1764 933 1846 Quorum
955 1765 1065 1826 editura
1079 1766 1115 1827 de
1128 1765 1184 1843 lia,
1199 1763 1310 1830 librum

211 1869 332 1954 inquam
347 1867 500 1952 signorum
515 1867 552 1931 de
567 1866 613 1930 his
627 1866 751 1944 editum,
762 1873 792 1929 et
804 1865 850 1929 bis
861 1865 944 1950 quasi
956 1865 1132 1949 quibusdem
1147 1869 1311 1934 recentium

215 1972 363 2036 virtutum
376 1977 549 2034 vernantem
564 1968 699 2050 llorrlms,
714 1969 878 2034 virtutibus
891 1976 922 2036 et
936 1969 1078 2054 prodigiis
1095 1970 1284 2056 insignitum.

264 2125 345 2198 The
363 2125 590 2222 manuscript
608 2124 821 2220 containing
838 2123 911 2196 this
928 2124 1044 2212 work,
1061 2128 1257 2222 preserved
1272 2127 1310 2200 in

214 2242 278 2315 the
302 2243 438 2339 library
456 2241 495 2312 oi
515 2243 660 2339 Corpus
684 2241 819 2314 Christi
844 2241 1007 2338 College,
1029 2241 1183 2328 oxford‚
1200 2243 1267 2316 has
1290 2269 1313 2316 a

214 2367 302 2430 note
321 2357 494 2430 attached
511 2366 551 2430 to
568 2358 632 2430 the
649 2382 803 2454 passage
820 2358 858 2429 in
876 2359 940 2430 the
957 2359 1098 2455 margin
1118 2369 1141 2399 “
1163 2360 1199 2430 V
1193 2385 1312 2432 enerc-

218 2475 297 2548 bilis
314 2474 422 2547 obbcs
440 2473 482 2545 de
496 2473 624 2570 Burgo
636 2476 726 2546 sicut
747 2528 780 2545 ..
799 2529 807 2544 .
823 2473 1037 2547 Benedictus
1051 2475 1088 2546 di
1108 2529 1141 2546 ..
1161 2475 1314 2550 .idisse.’'

218 2590 378 2686 Though
406 2588 478 2660 this
512 2597 600 2661 note
635 2589 665 2661 is
696 2589 782 2662 thus
815 2589 1020 2676 mutilated,
1038 2590 1185 2685 enough
1214 2589 1254 2663 oi
1286 2591 1316 2663 it

216 2707 374 2779 remains
404 2714 444 2777 to
474 2704 575 2777 shew
603 2729 647 2776 us
674 2704 755 2776 that
782 2705 960 2778 Benedict
987 2705 1100 2778 abbat
1127 2703 1166 2777 oi
1191 2705 1316 2778 Peter-

216 2823 396 2918 borough,
413 2820 497 2896 who
520 2845 594 2893 was
618 2830 903 2918 contemporary
925 2822 1013 2894 with
1038 2821 1189 2907 Becket,
1214 2846 1315 2895 conr-

215 2939 314 3037 piled
343 2937 406 3010 the
440 2937 541 3010 book
574 2936 614 3010 oi
647 2948 668 2978 ‘⁶
684 2938 807 3034 Signs''
842 2962 885 3011 or
915 2938 1093 3025 miracles
1124 2947 1163 3010 to
1193 2937 1314 3012 which

218 3056 380 3129 Herbert
397 3055 442 3126 de
460 3053 624 3126 Bosham
640 3053 755 3128 refers
772 3054 828 3126 his
845 3054 1005 3127 readers.

265 3175 325 3245 An
341 3171 497 3244 allusion
512 3170 544 3242 is
561 3194 610 3242 no
629 3171 745 3244 doubt
762 3171 869 3244 made
892 3179 932 3243 to
950 3170 1014 3242 the
1038 3194 1139 3244 same
1157 3171 1261 3244 work
1276 3170 1315 3243 in

221 3303 284 3376 the
301 3302 490 3398 following
508 3324 661 3398 passage
678 3329 687 3375 ε

264 3470 323 3535 Sed
353 3471 390 3535 de
418 3470 570 3537 miraculis
600 3471 663 3555 ejus
692 3469 724 3534 in
755 3469 866 3554 Anglia
896 3469 1082 3536 sacerdotum
1113 3477 1143 3536 et
1171 3469 1320 3535 bonorum

219 3572 349 3637 virorum
364 3573 534 3638 testimonio
550 3572 713 3649 declaratis,
726 3578 756 3636 et
767 3573 799 3635 in
811 3573 941 3656 capitulo
953 3571 1174 3637 Cantuariensis
1189 3573 1320 3638 ecclesiae

219 3673 338 3759 publice
353 3675 493 3755 recitatis,
508 3697 635 3759 magnus
650 3673 741 3739 codex
758 3675 944 3760 conscriptus
959 3682 1050 3754 extat,
1060 3682 1168 3761 prater
1179 3674 1237 3738 alia
1254 3696 1322 3758 quae

88 3875 90 3878 Ι
218 3777 308 3864 longe
322 3778 442 3862 lateque
461 3779 493 3842 in
510 3778 618 3858 Gallia,
633 3778 666 3842 in
681 3776 839 3856 Hibernia,
855 3785 886 3843 et
900 3778 1012 3862 ubique
1024 3785 1170 3843 terrarum
1183 3785 1322 3862 operatus
1342 3866 1345 3872 Ι

256 4091 272 4122 “
290 4089 347 4142 'l'he
370 4089 456 4142 editor
476 4089 507 4142 ol
523 4089 577 4142 thir
602 4088 708 4142 volume
731 4093 779 4142 has
796 4085 939 4158 published
957 4086 1002 4140 the
1024 4087 1155 4157 complete
1183 4090 1270 4144 works
1296 4094 1328 4147 ol

222 4176 339 4230 Herbert
352 4175 385 4227 de
401 4175 515 4228 Boshanr
527 4176 554 4228 in
569 4180 585 4228 2
598 4176 656 4228 vols
669 4180 729 4240 8vo,
743 4174 860 4243 forming
871 4181 932 4244 pert
945 4173 976 4226 os
991 4191 1006 4226 a
1022 4175 1131 4242 general
1144 4175 1284 4231 collection
1297 4181 1328 4233 ol'

222 4261 336 4330 English
351 4260 544 4314 Ecclesiastical
556 4262 665 4327 writers,
681 4261 787 4314 Prinas
802 4261 942 4313 Ecccnsrn
956 4261 1139 4312 Anourcnsn.
