3232 5166
352 641 395 699 22
721 635 909 701 Bessorum
937 657 1080 702 assnrrs

350 827 404 871 me
418 807 494 892 iuga
508 804 583 870 labii
598 805 678 872 velle
694 807 836 891 putatis?
859 809 931 873 Nec
946 831 1003 893 pro
1026 832 1111 896 rege,
1135 833 1194 874 nec
1219 832 1276 894 pro
1300 811 1413 898 aliquo

353 917 530 981 viventium
559 919 668 1004 lugam
694 919 791 984 inibo.
838 919 915 984 Non
946 921 1018 984 veni
1047 934 1081 984 ut
1104 922 1258 1006 lugerem,
1285 922 1342 985 sed
1370 939 1405 986 ut

351 1028 563 1112 grassantium
579 1028 698 1092 rabiem
710 1042 739 1092 et
755 1028 925 1114 impiorum
941 1029 1092 1094 malitiam
1108 1033 1322 1116 exspectem.''

396 1145 416 1174 “
429 1135 523 1212 Vere,
536 1138 553 1166 ’'
596 1139 748 1221 inquiunt
773 1138 932 1215 satellites,
958 1145 1072 1216 “vere,
1094 1139 1219 1204 volente
1234 1141 1316 1218 Dec,
1341 1163 1408 1207 non

353 1248 518 1332 eflugies.'’

397 1357 467 1422 Nec
494 1357 767 1422 administraverat
793 1360 925 1424 verbum
952 1360 1038 1425 istud
1058 1363 1122 1426 viro
1149 1365 1346 1428 sanctissimo
1373 1367 1409 1429 in

351 1471 435 1554 regis
449 1469 635 1554 despectum
649 1469 758 1532 inllata
773 1471 929 1554 superbia,
946 1471 1000 1534 sed
1029 1473 1061 1535 in
1078 1474 1201 1538 virtutis
1225 1476 1408 1560 exemplum

351 1580 483 1643 lundata
498 1580 531 1642 iu
548 1580 673 1644 Christo
692 1582 891 1665 perfectaque
908 1584 1107 1646 constantia:
1133 1585 1315 1670 illicitaque
1332 1609 1408 1651 curn

351 1689 491 1753 tumultu
504 1693 641 1754 maximo
657 1707 689 1753 et
704 1691 905 1754 contumeliis
915 1693 1159 1778 egredientibus
1171 1695 1410 1779 plurimumque·

350 1801 628 1872 comminantibus,
654 1815 809 1884 sequutus
836 1818 882 1866 est
898 1825 952 1865 eos
977 1803 1232 1890 archiepiscopus
1249 1807 1405 1889 usquead

351 1913 464 1974 ostium
492 1911 631 1984 thalami,
658 1913 833 2002 Hugonem
854 1912 894 1974 dc
913 1912 1090 1990 Morevilla,
1107 1915 1159 1996 qui
1176 1917 1297 1979 cacteris
1321 1917 1403 1980 sicut

349 2021 514 2085 nobilitate
525 2021 650 2106 generis
661 2023 706 2084 ita
718 2035 750 2084 et
763 2022 876 2084 virtute
889 2023 1017 2085 rationis
1027 2023 1163 2086 debebat
1173 2025 1407 2108 praeemineret,

350 2148 386 2196 ut
416 2154 521 2196 secum
549 2153 691 2195 reversus
718 2131 909 2216 loqueretur,
938 2131 1147 2196 inclamitans.
1186 2132 1307 2196 Verum
1338 2134 1403 2210 illo,

348 2242 551 2326 reliquisque,
572 2254 684 2325 utpote
701 2244 756 2325 qui
774 2243 841 2326 jam
869 2241 988 2326 seipsos
1008 2263 1072 2326 prae
1086 2243 1191 2306 lurore
1207 2265 1319 2327 capere
1337 2249 1403 2307 no'n

349 2366 504 2436 poterant,
518 2375 589 2415 cum
602 2353 749 2437 superbia
764 2365 796 2415 et
810 2351 1029 2438 indignatione
1045 2353 1243 2432 abeuntibus
1260 2377 1403 2419 reversus

350 2465 397 2527 vir
427 2462 558 2527 Domini
587 2461 713 2538 resedit,
739 2459 825 2525 etde
850 2461 1032 2546 hujusmodi
1057 2465 1139 2548 regis
1166 2465 1333 2541 mandatis,
1364 2487 1401 2529 ac

349 2573 520 2638 satellitum
546 2573 784 2636 contumeliosis
804 2572 907 2634 verbis
928 2593 1033 2636 coram
1049 2574 1113 2636 suis
1128 2589 1318 2657 conquestus
1343 2589 1401 2638 est.

386 2685 481 2749 Unus
496 2698 602 2749 autem
618 2683 803 2746 clericorum
821 2704 960 2757 suorum,
977 2682 1124 2746 videlicet
1140 2684 1288 2768 magister
1303 2675 1401 2748 Joan-

347 2819 403 2860 nes
421 2796 615 2870 saresberiae,
629 2795 675 2856 vir
690 2795 851 2856 literarum
868 2793 1049 2869 multarum,
1061 2793 1253 2876 eloquentiae
1267 2817 1399 2880 magnae,

347 2905 559 2991 profundique
575 2904 706 2979 consilii,
720 2917 752 2966 et
764 2903 849 2986 quod
865 2903 915 2966 his
925 2905 1027 2987 majus
1043 2915 1101 2978 est,
1118 2904 1150 2966 in
1168 2905 1231 2967 Dei
1243 2905 1356 2968 timore
1367 2919 1399 2969 et

348 3039 455 3083 amore
466 3016 628 3091 laudatae,
638 3013 845 3098 conquerenti
861 3012 921 3076 tale
932 3012 1021 3077 dedit
1032 3035 1236 3097 responsum:
1255 3021 1276 3053 “
1288 3016 1401 3079 Domi·

349 3152 400 3206 ne,
413 3129 430 3158 ''
446 3129 560 3212 inquit,
575 3135 652 3190 “res
669 3125 762 3188 nimis
777 3123 967 3188 admirabilis
983 3137 1041 3200 est,
1053 3123 1138 3207 quod
1154 3125 1271 3188 nullius
1283 3125 1398 3190 admit-

343 3240 383 3304 tis
396 3239 572 3304 consilium.
598 3237 638 3300 Et
653 3260 723 3320 quae
740 3237 908 3298 necessitas
932 3236 992 3299 luit
1005 3247 1100 3298 tantae
1116 3236 1316 3301 excellentiae
1328 3237 1396 3300 viro

341 3350 382 3414 ad
398 3348 581 3435 ampliorem
599 3347 806 3431 malignorum
824 3345 948 3408 illorum
960 3345 1237 3408 exacerbationem
1252 3368 1393 3432 surgere,

341 3475 373 3526 et
388 3473 458 3547 post
473 3481 526 3524 eos
541 3458 581 3522 ad
597 3458 713 3520 ostium
724 3477 824 3542 usque
841 3454 1037 3540 procedere?
1054 3452 1172 3518 Nonne
1188 3457 1284 3520 satius
1300 3469 1394 3534 esset,

341 3571 574 3637 communicato
601 3567 748 3640 cumbis,
766 3567 821 3651 qui
838 3578 1007 3649 praesentes
1024 3578 1108 3639 sunt,
1125 3567 1266 3643 consilio,
1283 3567 1393 3630 mitius

347 3685 392 3748 eis
407 3682 529 3746 dedisse
546 3699 741 3765 responsum,
759 3678 812 3760 qui
828 3677 884 3740 tibi
897 3675 1053 3759 quidquid
1069 3690 1199 3760 possunt
1215 3678 1396 3743 machinan-

346 3792 506 3871 turmali,
533 3804 569 3854 ut
594 3803 623 3854 te
651 3788 691 3852 ad
717 3787 914 3851 iracundiam
944 3801 1149 3870 provocatum
1189 3789 1222 3851 in
1252 3811 1397 3853 sermone

347 3907 459 3972 saltem
475 3903 608 3987 capiant.
620 3901 636 3929 ’'

393 4019 526 4080 Sanctus
552 4027 669 4088 autem,
697 4011 752 4094 qui
778 4031 834 4096 pro
846 4008 967 4094 justitia
984 4023 1016 4072 et
1032 4008 1175 4073 libertate
1192 4011 1330 4076 ecclesiae
1357 4012 1398 4076 ad

347 4129 458 4193 mortis
482 4126 652 4210 angustias,
674 4137 825 4209 tanquam
849 4121 890 4184 ad
910 4121 1026 4206 quietis
1055 4119 1184 4183 delicias
1210 4123 1395 4206 suspirabat,

344 4243 467 4326 inquit:
502 4247 521 4276 ‘⁴
536 4235 714 4302 Consilium
737 4235 804 4318 jam
820 4245 921 4296 totum
938 4247 1104 4330 acceptum
1120 4245 1175 4296 est.
1223 4233 1309 4296 Novi
1324 4235 1398 4298 satis

347 4353 426 4440 quid
442 4373 534 4439 agere
550 4346 718 4413 debeam.''

391 4465 434 4528 Et
450 4463 595 4550 magister
612 4461 773 4526 loannes:
807 4461 828 4495 “
841 4453 985 4534 Utinam,
1002 4467 1163 4520 annuente
1181 4457 1258 4536 Deo,
1275 4456 1397 4521 bonum

347 4576 418 4642 sit”
