3232 5166
247 575 314 641 cap.
332 559 397 642 29.]
575 575 619 619 mr
642 575 755 620 urano.
775 556 805 621 S.
823 557 967 622 Tuoun.
1251 559 1289 621 71

244 727 325 792 collo
340 725 502 812 appendit.
558 726 623 790 Sed
640 728 685 790 eis
705 727 811 791 statim
836 740 958 813 apeste
982 727 1117 792 febrium
1143 727 1292 802 liberatis,

244 859 353 921 quum,
364 849 499 920 quatuor
507 835 557 898 vel
573 835 712 919 quinque
728 835 935 900 hebdomadis
949 837 1094 913 evolutis,
1106 837 1194 900 nulla
1207 858 1292 922 pror-

243 969 297 1012 sus
320 959 402 1010 esset
423 947 505 1031 patri
526 967 636 1009 eorum
659 945 792 1010 redituri
821 948 922 1010 morbi
951 947 1097 1031 suspicio,
1128 947 1221 1011 solvit
1250 948 1289 1010 ab

240 1056 368 1122 alterius
383 1056 464 1121 collo
478 1077 665 1141 suspensum
681 1057 904 1121 sanctuarium.
926 1055 991 1120 Vix
1007 1055 1085 1120 illud
1100 1058 1292 1122 abstraxerat

241 1180 274 1232 et
297 1179 495 1230 converterat
520 1179 601 1230 seut
627 1167 737 1243 abiret,
761 1189 860 1250 quum
872 1189 961 1252 puer,
984 1168 1123 1232 febribus
1148 1169 1294 1231 redivivis

239 1290 411 1360 correptus,
427 1289 514 1342 totus
530 1276 667 1340 tremuit.
713 1275 884 1340 Admirans
905 1291 994 1362 pater
1014 1280 1126 1340 miram
1142 1277 1187 1340 rei
1203 1278 1291 1340 novi-

241 1403 349 1468 tatem,
372 1389 528 1453 sublatam
548 1387 737 1452 medicinam
753 1390 960 1454 febricitantis
976 1391 1056 1454 oollo
1072 1412 1179 1454 rursus
1194 1391 1285 1476 allig-

239 1499 312 1573 avit‚
328 1498 497 1582 statimque
517 1520 583 1563 non
603 1499 670 1561 sine
691 1482 884 1562 intuentium
904 1498 1109 1564 admiratione
1130 1499 1283 1564 dimissus

240 1619 295 1684 est,
328 1606 522 1690 cessavitque
556 1619 701 1670 tremere.
757 1603 807 1669 Ita
836 1606 1105 1671 crebrescentibus
1134 1607 1289 1693 paulatim

238 1717 405 1796 miraculis,
421 1728 454 1781 et
468 1718 613 1804 martyris
627 1716 711 1780 fama
725 1729 896 1794 crescente,
911 1715 952 1780 ad
968 1719 1112 1801 martyris
1133 1717 1289 1782 auxilium

239 1827 343 1894 caeteri
355 1827 600 1892 cantuarienses
609 1825 727 1891 infirmi
738 1825 892 1911 paulatim
903 1827 1092 1912 confugiunt
1100 1849 1110 1902 3
1129 1827 1288 1913 inquibus

241 1937 357 2023 loripes
386 1936 516 2020 quidam
553 1935 745 2011 Macerinus,
768 1957 889 2020 pauper
928 1935 1067 2019 quidem,
1099 1937 1155 2000 sed
1181 1951 1288 2002 tamen

241 2047 274 2113 in
290 2049 368 2112 urbe
383 2048 574 2123 notissimus,
590 2046 719 2110 biennio
733 2046 798 2110 fere
810 2046 920 2111 lumen
944 2046 1109 2112 oculorum
1132 2049 1286 2113 amiserat.

240 2159 340 2223 Filius
357 2161 424 2243 ejus
434 2156 621 2248 aliquando,
637 2177 869 2239 nonnunquam
883 2178 972 2232 uxor,
998 2178 1079 2222 coeco
1094 2156 1290 2223 mendicanti

238 2271 389 2336 ducatum
406 2268 573 2354 praebebat.
622 2266 774 2353 Satagens
789 2280 825 2332 ut
839 2268 938 2333 oculis
953 2268 1064 2332 alienis
1079 2291 1146 2333 non
1163 2283 1283 2354 egeret,

236 2379 353 2444 stillam
362 2378 440 2442 sacri
452 2378 570 2441 cruoris
585 2399 604 2440 a
619 2376 759 2460 quodam
773 2377 947 2461 deprecans
971 2377 1120 2456 obtinuit,
1136 2377 1282 2442 domum·

237 2513 299 2576 que
324 2489 474 2554 reductus
488 2487 541 2552 vix
556 2487 664 2551 oculos
678 2508 751 2550 suos
766 2485 901 2563 linierat,
929 2509 1028 2570 quum
1053 2509 1127 2550 ecce
1153 2503 1284 2573 repente

235 2602 320 2666 filius
356 2620 431 2663 suus
471 2597 574 2661 adhuc
609 2595 794 2671 infantulus,
821 2597 875 2658 cui
910 2617 971 2660 nec
995 2595 1137 2660 officium
1165 2596 1286 2680 pedum

240 2710 369 2776 Natura
379 2709 473 2792 plene
489 2706 675 2782 contulerat,
692 2706 725 2769 in
741 2718 857 2769 terram
872 2727 1031 2780 corruens,
1047 2705 1081 2767 in
1096 2704 1239 2769 lacrimas
1254 2720 1285 2770 et

236 2821 362 2906 vagitus
377 2820 498 2903 erupit:
522 2817 621 2882 atille
637 2816 773 2902 pueruli,
789 2837 890 2900 quum
900 2837 965 2879 non
978 2829 1059 2880 esset
1075 2816 1130 2898 qui
1138 2837 1213 2879 eum
1225 2816 1287 2880 eri·

236 2943 334 3020 geret,
350 2928 500 2993 sollicitus
509 2929 620 3010 suique
630 2925 755 3000 oblitus,
767 2925 953 3010 sanguinem
966 2926 1110 2990 abstersit
1121 2925 1160 2988 ab
1170 2924 1285 2990 oculis:

235 3062 431 3126 surgensque
455 3051 491 3102 ut
517 3059 593 3102 eum
618 3036 658 3100 de
685 3047 768 3099 terra
796 3034 942 3111 elevaret,
965 3034 1071 3098 videre
1095 3034 1184 3098 illum
1211 3048 1286 3098 ante

238 3150 413 3238 promeruit
424 3169 519 3232 quam
534 3146 654 3232 erigere
669 3171 679 3222 3
696 3166 791 3228 quem
806 3143 915 3208 civitas
932 3142 1179 3218 Cantuariensis,
1206 3143 1288 3207 sicut

235 3281 354 3326 caecum
379 3259 519 3324 extitisse
546 3256 703 3342 cognovit,
720 3252 982 3340 impostmodum
1007 3252 1110 3316 visum
1132 3251 1286 3338 recepisse

234 3369 385 3456 probavit.

685 3585 816 3650 XXIX.

280 3698 396 3765 Erecta
424 3709 472 3763 est
501 3708 535 3762 et
563 3695 676 3760 clauda.
705 3694 849 3778 quadam
876 3693 1111 3758 cantuariensis
1139 3691 1286 3755 Emelina

238 3809 350 3874 eadem
362 3804 721 3873 solemnitatePaschali.
745 3807 831 3869 Ante
841 3800 1086 3889 quadriennium
1096 3822 1170 3864 casu
1180 3821 1288 3864 corru-

235 3919 595 4002 erat,laesoquegenu‚et
605 3913 709 3978 nervis
721 3913 887 3976 mediciuae
898 3913 1032 3996 penuria
1046 3911 1125 3974 forte
1138 3921 1284 3972 contrac-

232 4029 281 4106 tis,
297 4050 364 4093 non
379 4028 497 4112 absque
513 4024 635 4112 pudore
658 4021 771 4086 clauda
793 4035 1009 4096 remanserat,·
1030 4019 1120 4104 pedis
1144 4017 1285 4082 officium

230 4139 345 4205 baculo
352 4137 530 4202 redimebat
542 4158 550 4198 ι
564 4134 680 4222 absque
689 4131 792 4197 baculi
802 4131 1040 4196 adminiculone
1056 4128 1287 4212 uniusquidem
