3232 5166
364 499 367 509 r

214 543 278 606 cap.
300 515 364 601 lt]
495 533 496 538 ’
549 534 593 580 ns
616 529 729 582 niuno.
748 493 779 582 S.
798 515 939 582 Tuom.
1226 517 1263 579 61

215 688 390 778 periculosa
405 689 557 772 porrexit.
605 685 760 751 Nondum
775 687 861 751 enirn
877 685 1085 770 imperaverat
1108 684 1267 750 Dominus

216 801 321 866 ventis
336 812 369 864 et
383 799 472 874 mari,
483 812 519 861 ut
538 797 629 862 fieret
648 795 857 881 tranquillitas
866 823 875 874 ;
897 795 953 861 sed
964 796 1143 881 jactabatur
1157 795 1272 860 adhuc

219 911 307 976 navis
336 911 370 974 in
399 908 513 973 mediis
543 907 700 984 fluctibus,
723 921 757 972 et
785 908 968 994 satagebant
992 907 1136 992 martyris
1158 929 1268 991 perse-

217 1037 379 1108 quutores,
401 1033 437 1084 ut
458 1019 639 1084 eraderetur
661 1040 778 1082 nornen
801 1018 884 1082 illius
907 1017 947 1082 de
970 1031 1061 1094 terra,
1085 1033 1117 1082 et
1146 1017 1270 1090 addidit

218 1156 236 1198 e
253 1145 362 1198 contra
377 1131 536 1196 Dominus
551 1142 697 1193 sanctum
712 1149 805 1194 suurn
821 1130 996 1195 mirificare.

683 1325 792 1392 XVII.

270 1461 571 1550 Mulierpraegnaus,
580 1462 709 1528 Aiditha
721 1465 850 1528 nomine
858 1464 889 1542 ὕ,
899 1462 1272 1548 deWerde,venitusque

219 1573 260 1637 ad
279 1587 414 1661 partum,
427 1588 531 1638 etnon
542 1588 608 1639 erat
618 1575 716 1638 virtus
726 1575 878 1660 pariendi.
904 1573 1021 1639 Tubus
1036 1589 1143 1639 autem
1152 1573 1263 1639 diebus

221 1683 1271 1771 noctibusquetotidemparturiens,necpariens,etexnimiadolo-

221 1796 265 1860 ris
275 1796 421 1881 angustia
437 1797 531 1860 morti
546 1796 812 1881 appropinquans,
825 1796 924 1860 accito
939 1796 1123 1882 presbytero
1139 1817 1205 1872 suo,
1216 1797 1271 1879 qui

220 1906 475 1992 consanguineus
490 1907 558 1992 ejus
574 1919 651 1982 erat,
678 1906 828 1970 viaticum
849 1906 995 1990 suscepit,
1012 1927 1141 1990 seseque
1168 1907 1274 1971 orati·

221 2016 335 2080 onibus
344 2015 427 2079 illius
439 2017 554 2079 arctius
562 2015 806 2094 commendavit,
825 2038 865 2080 ne
876 2015 1023 2080 videlicet
1035 2015 1270 2080 oblivisceretur

223 2138 366 2202 mortuae,
383 2147 476 2208 quam
493 2125 596 2190 vivam
612 2139 696 2190 caste
711 2125 886 2205 dilexerat3
902 2141 934 2190 at
949 2124 1112 2191 illedolori
1124 2127 1273 2210 patientis

215 2256 397 2320 compassus
413 2233 547 2298 “Ecce‘'
572 2237 678 2321 inquit
694 2237 859 2301 “orarium
882 2237 983 2301 habeo
1007 2260 1026 2301 a
1048 2237 1109 2303 Dei
1132 2250 1269 2324 martyre

219 2345 347 2410 Thomu
372 2345 595 2410 Cautuariensi
625 2347 858 2432 archiepiscopo
885 2347 1108 2414 benedictum:
1148 2348 1270 2414 confide

221 2457 319 2544 igitur
327 2457 391 2520 suis
401 2471 432 2520 te
445 2455 1051 2543 possemeritisliberari,etproculdubio
1060 2458 1270 2524 liberaberia”

223 2567 369 2632 Adhibet
391 2567 446 2632 illa
460 2566 558 2632 fidem
573 2585 606 2633 et
621 2591 694 2632 cum
710 2569 772 2633 fide
789 2571 918 2634 nomine
944 2571 1090 2656 martyris
1114 2573 1271 2647 invocato,

225 2679 363 2763 cingitur
378 2678 487 2742 orario.
533 2677 599 2742 Vix
614 2680 775 2766 presbyter
790 2679 919 2743 adamo
937 2678 1030 2743 stadii
1049 2681 1145 2744 unius
1171 2681 1272 2766 spatio

223 2789 327 2852 fuerat
356 2787 529 2874 elongatus,
560 2811 672 2875 quum,
713 2803 884 2854 revocante
909 2789 999 2854 iilum
1039 2789 1274 2878 patrefamilias,

219 2899 369 2986 cognovit
399 2898 485 2983 quod
513 2901 686 2986 peperisset
716 2899 838 2977 mulier,
865 2902 987 2987 etjam
1017 2923 1169 2989 pressurae
1204 2925 1270 2968 uon

222 3012 379 3090 meminit,
396 3011 472 3098 quia
485 3024 579 3077 uatus
594 3027 641 3078 eat
655 3013 751 3078 homo
763 3015 798 3077 in
820 3013 987 3080 mundum.

678 3183 809 3250 XVIII.

275 3315 411 3382 Pretiosi
426 3319 523 3382 etiam
546 3319 717 3406 sanguinis,
743 3321 777 3384 in
795 3320 911 3386 Christi
935 3321 1067 3387 ecclesia
1090 3321 1277 3389 Cautuariae

224 3449 282 3516 pro
298 3429 423 3493 Christo
435 3429 536 3506 effusi,
550 3431 695 3516 religiosa
708 3432 853 3516 quaedam
863 3433 978 3498 molier
988 3435 1117 3498 Wliuva
1128 3436 1274 3520 conquis-

223 3543 303 3606 ierat
318 3544 508 3627 portiouem‚
531 3559 687 3630 quantum
701 3546 849 3611 videlicet
863 3548 954 3611 nucis
969 3548 1132 3613 Avellanae
1155 3550 1277 3613 concha

223 3653 388 3717 continere
404 3655 533 3720 valeret.
580 3653 657 3720 Erat
672 3672 780 3722 antem
791 3671 868 3723 tuuc
879 3660 1030 3742 temporis
1041 3660 1151 3724 eadem
1162 3660 1276 3724 mulier

225 3761 413 3827 xenodochii
444 3764 609 3850 cujusdam
651 3786 767 3844 custos,
800 3768 990 3853 pauperibus
1028 3769 1208 3833 ministrans
1243 3783 1276 3834 et

223 3871 406 3957 peregrinis
452 3873 567 3938 Postea
581 3897 655 3940 vero
670 3874 864 3961 leprosorum
879 3877 1012 3940 servitiis
1027 3877 1206 3964 mancipata
1241 3881 1275 3946 iu

259 4046 275 4076 ‘
294 4045 411 4099 Murran
433 4084 500 4100 ......
522 4047 637 4114 Weaoa,
657 4077 727 4096 --
747 4048 846 4103 Mu!ier
876 4057 964 4104 autern
992 4069 1141 4125 pregnans,
1168 4055 1278 4109 Aiditha

225 4139 340 4206 nomine,
356 4141 388 4193 dc
401 4141 505 4206 werde,
520 4144 553 4194 A.
